4666 6014
1085 561 1233 637 630
1568 551 2256 630 CHROMGORUM
2305 550 2662 626 KAROLI
2711 545 2998 628 SEX'rl
3047 552 3224 625 LIB.
3281 553 3381 626 X.

1082 709 1687 822 prenominatus
1720 705 2051 786 ballivus
2098 679 2433 814 propter
2463 723 2875 814 peccatum
2919 724 3199 792 contra
3240 723 3610 800 naturam
3653 715 3874 792 com-

1085 851 1269 930 buri
1303 848 1639 941 fecerat,
1679 872 1764 924 se
1817 842 2220 928 senciebat
2276 859 2765 940 accusatum3
2814 841 3033 923 unde
3090 841 3288 950 illud
3343 846 3880 952 ignominiose

1088 988 1368 1066 mortis
1400 1009 1681 1093 genus,
1713 997 2050 1061 mortem
2087 979 2461 1089 sperabat
2490 979 2821 1061 evadere
2855 980 3411 1087 temporalem,
3441 982 3510 1061 si
3543 977 3880 1080 ballivus

1084 1122 1459 1231 primitus
1492 1118 2014 1198 occubuisset.
2061 1117 2237 1196 Hoc
2265 1134 2529 1197 tamen
2573 1117 2872 1196 frustra
2904 1118 3344 1225 temptavit.
3397 1118 3601 1198 Nam
3629 1148 3880 1229 expe-

1088 1260 1434 1342 rimento
1464 1253 1776 1335 discens
1806 1253 2075 1333 multis
2107 1255 2670 1362 impunitatem
2704 1254 3084 1334 scelerum
3124 1252 3586 1335 diuturnam
3621 1258 3879 1337 Deum

1089 1394 1278 1488 dare
1315 1411 1402 1472 ut
1452 1393 1709 1472 acrius
1758 1407 2130 1498 torqueat
2183 1419 2454 1470 rerum
2508 1391 3008 1498 inexpectata
3067 1392 3455 1488 mutaci0,
3507 1390 3637 1470 die
3653 1421 3877 1498 ‚mer-

1088 1534 1293 1614 curii
1334 1547 1518 1611 ante
1548 1528 1805 1609 natale
1830 1523 2193 1626 Domini,
2228 1556 2415 1636 rege
2441 1528 2774 1638 jubente
2802 1526 2902 1608 de
2944 1527 3279 1608 consilio
3310 1521 3640 1609 suorum
3671 1530 3880 1609 illus-

1090 1674 1373 1767 trium,
1406 1697 1552 1780 per
1595 1670 1862 1776 ignem
1888 1664 2321 1746 indicibilis
2358 1667 3291 1776 peccati.meritas-penas
3331 1666 3503 1750 luit.

2044 2003 2739 2124 CAPITULUM·
2780 2009 2930 2087 xl.

1815 2247 1943 2308 13³1
1986 2243 2198 2306 {emm
2235 2246 2840 2324 mmitiaruxinemi.
2865 2209 3140 2307 visitabit.

1206 2480 1383 2560 Hiis
1430 2480 1807 2588 peractis,
1864 2507 2007 2559 rex
2048 2478 2444 2558 civitatem
2505 2504 2859 2585 egressus
2879 2539 2898 2575 ‚
2949 2476 3052 2557 ad
3108 2479 3570 2557 comitatum
3631 2480 3695 2557 F
3698 2482 3875 2576 uxi-

1097 2635 1443 2697 nensem·
1460 2614 1742 2724 dirigit
1771 2616 1923 2695 iter
1969 2641 2228 2694 suum.
2271 2611 2515 2714 Quod
2553 2640 2816 2694 comas
2865 2618 3403 2722 comperiens,
3460 2614 3652 2696 inde
3701 2645 3874 2698 non

1094 2755 1492 2835 immerito
1543 2753 1893 2862 gavisus„
1956 2749 2057 2831 de
2118 2750 2452 2832 consilio
2504 2779 2827 2852 suorum
2884 2753 3311 2833 illustrium
3367 2779 3550 2834 eum
3597 2759 3875 2858 statujt

1088 2893 1399 2979 honore
1449 2920 1617 2971 non
1680 2906 2105 2986 consuet0,
2159 2887 2342 2969 ideo
2393 2889 3164 2997 scriptisnotando,
3228 2894 3663 3000 prevenire.
3709 2889 3869 3002 Ipsi

1072 3022 1434 3141 *na'mque
1457 3030 2145 3142 appropinquanti
2174 3028 2361 3109 urbi
2390 3028 2688 3113 famose
2721 3027 2822 3109 de
2842 3028 3195 3110 Meseriis
3227 3049 3540 3111 centum
3571 3052 3872 3111 summe

1092 3168 1590 3249 auctoritatis
1633 3168 1962 3265 milites,
2003 3195 2098 3246 ex
2156 3169 2564 3275 generosis
2622 3169 2942 3276 proavis
2997 3166 3375 3248 ducentes
3435 3171 3828 3278 originem
3852 3231 3871 3266 ,

1097 3307 1248 3414 ipsi
1306 3305 1627 3385 obviam
1689 3321 2247 3412 processerunt
2267 3364 2284 3393 ‚
2346 3307 3096 3416 pertranseuntique
3152 3308 3557 3413 ingentem
3606 3324 3870 3386 muto-

1094 3471 1288 3522 num
1325 3471 1782 3540 numerum,
1840 3438 2133 3523 deinde
2188 3441 2435 3521 boum
2484 3444 2938 3551 pinguium,
2983 3471 3073 3522 ac
3102 3461 3505 3551 postremo
3559 3442 3874 3523 dextra-

1091 3582 1398 3659 riorum
1444 3582 1882 3689 insignium
1933 3583 2018 3659 in
2070 3580 2275 3689 collo
2336 3579 2816 3663 tintinabula
2867 3599 3240 3690 argentea
3301 3579 3870 3660 defferencium

1092 3717 1580 3798 obtulerunt.
1600 3768 1605 3775 -
1626 3715 1721 3796 Id
1775 3734 2243 3827 pergratum
2283 3720 2452 3825 regi
2505 3717 2700 3814 fuit3
2755 3716 2895 3797 sed
2941 3690 3226 3798 modus
3267 3717 3633 3798 insolitus
3681 3717 3873 3797 offe-

1093 3853 1322 3935 rendi
1361 3856 1877 3963 spaciamenti
1905 3872 1987 3934 et
2024 3855 2287 3934 leticie
2310 3854 2598 3934 tribuit
2636 3855 3163 3935 occasionem.
3197 3853 3404 3935 Nam
3435 3855 3551 3934 hii
3591 3880 3871 3936 omnes

1090 3993 1361 4071 amicti
1392 3991 1682 4099 sagulis
1731 3991 2182 4101 gregalibus
2214 4009 2297 4071 et
2326 3992 2673 4072 vestibus
2702 3989 3238 4071 bubulcorum
3285 4018 3560 4100 greges
3606 3992 3869 4101 prefa-

1091 4149 1358 4209 torum
1397 4130 1856 4212 animalium
1898 4127 2442 4228 deducebant3
2479 4132 2620 4242 qui
2667 4129 3025 4241 quamvis
3059 4128 3316 4209 forma
3364 4132 3725 4239 eorporis
3755 4132 3873 4209 in-

1089 4271 1518 4376 genuitatis
1574 4269 1892 4350 titulum
1947 4267 2468 4365 denotarent,
2526 4270 2681 4349 hoc
2729 4286 2996 4348 tamen
3054 4271 3349 4348 rustica
3404 4265 3870 4348 indumenta

1088 4435 1183 4486 eo
1248 4408 1843 4488 occultaverunt
1900 4408 2258 4487 instanti.
2330 4407 2534 4487 Cum
2598 4424 2859 4486 autem
2923 4406 3135 4484 inter
3182 4378 3667 4516 epulandum
3731 4434 3870 4484 rex

1086 4545 1357 4653 jocose
1384 4545 1662 4626 c'omiti
1691 4564 2057 4655 quereret
2084 4545 2414 4653 quinam
2454 4561 2716 4625 essent
2746 4546 2900 4655 ipsi
2921 4607 2941 4642 ,
2985 4545 3123 4654 qui
3168 4546 3583 4653 inopinate
3614 4542 3871 4623 aulam

1094 4683 1391 4788 regiam
1433 4684 1773 4791 ingressi
1814 4709 1992 4762 cum
2038 4683 2594 4762 instrumentis
2632 4682 2995 4779 musicis,
3042 4680 3514 4762 clamidibus
3554 4706 3873 4793 quoque
