4666 6014
1188 615 1331 692 716
1640 604 2320 681 CHRONICORUM
2368 599 2724 676 KAROLI
2773 595 3057 671 SEXTI
3106 593 3283 667 LIB.
3336 590 3505 665 xn.

1195 759 1297 840 de
1336 787 1476 839 sua
1507 759 1801 837 virtute
1837 757 2017 865 plus
2054 782 2259 865 equo
2313 751 2760 847 confidens,
2807 749 2892 827 in
2932 773 3100 844 eos,
3154 771 3315 853 quo
3357 742 3578 821 illum
3620 739 3963 821 infausta

1191 924 1363 977 sors
1392 893 1793 991 trahebat,
1821 894 2365 972 semiarmatus
2391 890 2628 969 irruit
2657 890 3231 966 incunctanter.
3275 881 3515 959 Pauci
3551 906 3732 958 eum
3766 881 3967 959 inse-

1192 1047 1552 1143 quuntur
1582 1046 2019 1140 equestres,
2053 1025 2190 1107 sed
2232 1025 2764 1137 incomposito
2803 1019 3112 1102 ordine.
3153 1014 3398 1119 Quod
3438 1015 3967 1124 percipientes

1194 1170 1333 1276 qui
1365 1165 1849 1246 advenerant
1892 1165 2159 1246 subito
2199 1163 2338 1244 sed
2369 1160 2914 1243 fraudulenter
2946 1143 3223 1265 'fugam
3265 1170 3731 1263 capescunt,
3771 1170 3970 1233 tam-

1194 1304 1335 1384 diu
1375 1302 1584 1383 illam
1626 1304 2175 1383 continuentes
2207 1299 2476 1412 quoad
2512 1326 2766 1409 usque
2797 1297 3129 1376 latentes
3177 1292 3814 1401 pertransierunt
3844 1292 3966 1372 in·

1189 1415 1436 1519 'sidias
1491 1457 1728 1550 atque
1786 1436 2299 1519 succurrendi
2359 1439 2675 1544 signum
2727 1432 3030 1513 civibus
3081 1425 3631 1509 ostenderunt.
3673 1429 3789 1506 Ac
3824 1426 3967 1506 ubi

1197 1604 1366 1655 rem
1406 1576 1861 1654 successisse
1897 1571 1999 1653 ad
2047 1590 2323 1654 votum
2360 1572 2817 1678 intelligunt
2838 1630 2857 1668 ,
2899 1567 3207 1664 subito,
3262 1566 3467 1645 sicut
3510 1545 3972 1642 condictum

1199 1713 1455 1791 fuerat
1473 1772 1492 1809 ,
1533 1711 1837 1791 vultum
1860 1727 2252 1790 vertentes
2269 1770 2288 1807 ,
2313 1710 2819 1818 insequentes
2849 1703 3187 1784 viriliter
3210 1704 3694 1781 invaserunt.
3728 1697 3972 1800 Quod

1196 1846 1554 1927 videntes
1583 1848 1722 1957 qui
1762 1849 1846 1926 in
1878 1843 2188 1925 insidiis
2226 1845 2582 1924 latebant
2621 1869 2664 1922 a
2707 1860 2931 1949 tergo
2965 1857 3045 1919 et
3075 1837 3455 1920 lateribus
3495 1852 3926 1945 erumpunt
3951 1864 4013 1932 3.

1201 1998 1281 2060 et
1315 1985 1427 2060 sic
1482 1982 1849 2089 gentibus
1888 1982 2202 2061 comitis
2241 1980 2447 2060 ultra
2492 1977 2857 2058 incedere
2901 2005 3050 2057 nec
3100 1971 3596 2055 retrocedere
3643 1947 3735 2051 ex
3780 1988 3973 2051 tunc

1201 2117 1580 2227 possibile
1634 2117 1821 2217 fuit;
1874 2145 2170 2225 paucos
2232 2118 2528 2224 iniquis
2588 2118 2674 2194 in
2733 2115 2926 2195 locis
2985 2130 3263 2193 contra
3332 2110 3623 2190 multos
3674 2125 3973 2188 certare

1202 2245 1588 2365 oportuit.

1322 2528 1604 2608 Comes
1642 2557 1869 2627 vero,
1932 2531 2291 2641 quamvis
2342 2557 2613 2609 errore
2669 2530 3291 2626 circumventus,
3345 2527 3490 2607 uhi
3536 2522 3746 2606 dolo‘
3768 2526 3971 2605 viam

1208 2664 1550 2742 obsitam
1598 2666 2006 2773 cognovit,
2049 2693 2218 2743 non
2257 2682 2523 2744 tamen
2571 2664 2869 2744 fractus
2911 2664 3180 2743 animo
3228 2681 3367 2742 aut
3416 2661 3769 2772 dejectus
3820 2661 3975 2741 hoc

1204 2816 1521 2897 eventu,
1551 2828 1732 2879 cum
1770 2801 2079 2880 lacertis
2116 2802 2507 2880 hectoreis
2545 2802 2738 2882 hinc
2779 2799 2966 2880 inde
2997 2797 3527 2908 percuciendo
3567 2799 3866 2906 pariter
3896 2813 3977 2876 et

1209 2933 1612 3015 hortando
1634 2997 1653 3034 ,
1689 2937 1937 3017 nichil
1967 2938 2325 3017 omnium
2357 2938 2873 3046 pretermisit,
2909 2934 3128 3049 quod
3159 2934 3260 3017 ad
3292 2936 3625 3017 salutem
3653 2962 3978 3015 suorum

1206 3075 1663 3180 pertineret.
1707 3072 1834 3153 Ad
1870 3075 2158 3154 milicie
2187 3077 2433 3155 eciam
2475 3074 2794 3156 titulum
2842 3073 3383 3154 extollendum
3430 3074 3554 3153 sui
3603 3073 3976 3153 facientes

1207 3207 1308 3288 de
1333 3211 1791 3290 necessitate
1816 3213 2190 3291 virtutem
2218 3212 2759 3292 strenuissime
2785 3226 3343 3320 pugnaverunt
3364 3271 3385 3309 ,
3426 3208 3565 3289 sed
3606 3237 3774 3289 non
3807 3207 3971 3288 diu.

1207 3345 1409 3423 Nam
1448 3343 1802 3455 undique
1840 3348 2397 3447 circumventi,
2426 3376 2607 3427 cum
2645 3344 3214 3456 quadringenti
3245 3374 3343 3424 ex
3375 3346 3488 3425 eis
3521 3346 3975 3453 interempti

1209 3479 1489 3588 gladii's
1523 3480 2027 3581 cecidissent,
2068 3481 2393 3564 tandem
2422 3512 2682 3563 comes
2723 3501 2908 3563 octo
2938 3482 3352 3563 confossus
3379 3481 3840 3562 vulneribus
3872 3481 3975 3560 ab

1207 3616 1673 3698 adversariis
1710 3638 1985 3726 captus
2027 3620 2220 3718 fuit3
2261 3618 2402 3700 sed
2453 3618 2640 3700 inde
2688 3620 3015 3729 gloriari
3061 3617 3463 3700 modicum
3514 3635 3974 3727 potuerunt.

1209 3753 1307 3832 In
1345 3782 1584 3834 curru
1622 3783 1963 3867 namque
1985 3759 2295 3866 positus
2315 3819 2336 3857 ,
2363 3756 2554 3837 dum
2574 3759 2669 3837 in
2699 3758 2980 3865 exigua
3015 3785 3155 3866 spe
3194 3755 3561 3835 trahebat
3594 3757 3936 3835 animam
3957 3817 3976 3855 ,

1208 3888 1399 3969 dum
1450 3893 1532 3970 in
1594 3893 1910 3999 signum
1960 3895 2291 3990 victorie
2348 3895 2433 3972 in
2486 3893 2769 3974 urbem
2832 3921 3013 3972 eum
3072 3891 3454 3973 ducerent
3474 3953 3495 3991 ,
3560 3894 3978 4005 ipsumque

1207 4045 1628 4107 monerent
1658 4029 1936 4138 jugum
1977 4028 2561 4140 redempcionis
2608 4030 2876 4110 subire
2919 4060 2936 4108 ε
2983 4062 3022 4103 <<
3054 4030 3243 4109 Jam-
3271 4055 3435 4129 me,
3480 4031 3782 4137 inquit,
3818 4031 3979 4108 vita

1211 4196 1249 4236 <t
1290 4181 1368 4242 et
1404 4166 1722 4272 sanguis
1753 4165 2236 4266 destitimnt;
2264 4168 2428 4275 jam
2460 4197 2584 4247 me
2614 4170 2699 4247 in
2731 4169 2924 4276 ipsis
2953 4167 3234 4248 mortis
3274 4166 3681 4246 vestibulis
3710 4168 3978 4247 sencio

1210 4334 1248 4373 <c
1289 4303 1852 4402 constitutum;
1885 4301 2021 4383 sed
2067 4322 2148 4384 et
2185 4307 2483 4385 moriar
2525 4332 2692 4384 non
2736 4306 3013 4385 victus.
3042 4340 3082 4380 »
3123 4305 3225 4384 Et
3258 4303 3412 4385 hoc
3443 4302 3756 4402 dicens,
3800 4332 3978 4384 cum

1208 4435 1612 4518 modicum
1647 4466 1849 4549 aque
1882 4439 2268 4523 hausisset
2290 4503 2309 4540 ,
2346 4459 2768 4550 antequam
2815 4439 3366 4550 ingrederetur
3405 4459 3678 4550 portas
3715 4440 3976 4537 urbiS‚

1212 4604 1249 4645 α
1289 4571 1385 4650 In
1424 4601 1702 4654 manus
1742 4592 1953 4675 tuas,
2001 4577 2317 4659 Christe
2341 4639 2363 4676 ,
2409 4575 2881 4659 commendo
2912 4580 3280 4687 spiritum
3332 4607 3592 4659 meum
3627 4612 3666 4653 ιο
3709 4578 3976 4687 expri-

1206 4735 1428 4787 mens
1464 4712 1876 4822 expiravit.
