4666 6014
1140 639 1282 709 244
1613 630 2293 706 CHRONICORUM
2344 632 2701 710 KAROLI
2750 631 3035 706 SEXTI
3085 634 3262 706 ΠΒ.
3310 635 3434 707 111.

1136 780 1365 861 velud
1429 785 1744 859 cetuum
1801 781 2266 891 iniquorum
2322 789 2781 892 prestantes
2829 783 3393 879 occasionem-s
3438 807 3916 868 censuerunt

1134 922 1381 997 eciam
1434 915 2025 1024 suspendendas
2077 948 2328 1031 usque
2383 918 2484 1002 ad
2532 921 2736 1000 bene
2764 919 3167 1028 'placitum
3208 921 3422 1027 regie
3455 923 3909 1031 majestatis.

1245 1217 1543 1295 Iterum
1613 1213 1889 1295 eadem
1955 1214 2123 1313 die,
2185 1238 2466 1300 contra
2524 1217 2948 1302 duodecim
3006 1217 3423 1297 sceleratos
3489 1237 3569 1297 et
3640 1223 3916 1331 inique

1131 1355 1759 1459 conspiracionis
1806 1354 2225 1461 complices
2272 1356 2616 1458 ferentes
2667 1354 3191 1452 sentenciam,
3251 1381 3431 1433 cum
3485 1356 3597 1433 eis
3651 1353 3910 1436 domi-

1129 1518 1325 1567 num
1356 1488 1804 1569 Johannem
1834 1487 1935 1569 de
1959 1489 2353 1590 Maresiis,
2402 1494 2488 1572 in
2532 1492 2721 1600 biga
2763 1490 3071 1598 jussum
3112 1489 3358 1569 alcius
3407 1488 3680 1578 sedere
3728 1510 3818 1570 ut
3867 1522 3915 1570 a

1129 1613 1436 1703 cunctis
1507 1624 1785 1703 melius
1851 1623 2255 1706 videretur
2277 1689 2297 1724 ,
2372 1623 3033 1736 adjudicaverunt
3092 1625 3364 1704 subire
3430 1625 3917 1741 supplicium

1128 1758 1493 1867 capitale,
1549 1761 1772 1837 omni
1840 1777 2216 1868 prerepta
2267 1757 2756 1839 defensionis
2807 1758 3178 1838 facultate
3197 1820 3216 1856 ,
3275 1786 3735 1872 quanquam
3793 1767 3909 1842 uti

1127 1894 1466 1974 clericali
1489 1892 1905 1999 privilegio
1948 1892 2336 2004 reddique
2367 1893 2806 1975 Ordinario
2838 1923 2983 1974 suo
3017 1896 3586 1976 instantissime
3613 1898 3908 2005 pluries

1125 2020 1628 2138 postulasset,
1677 2029 1826 2107 Per
1882 2059 2183 2111 annum
2243 2029 2413 2111 fere
2478 2033 2880 2141 integrum
2934 2032 3144 2109 inter
3218 2059 3482 2138 regem
3546 2035 3907 2145 civesque

1125 2166 1604 2245 Parisienses
1653 2166 1719 2243 is
1768 2163 2161 2245 mediator
2198 2168 2545 2248 existens
2595 2166 2951 2245 furorem
3000 2166 3467 2276 popularem
3506 2195 3691 2277 sepe
3733 2197 3903 2247 mo-

1126 2300 1443 2381 deratus
1490 2301 1789 2400 fuerat,
1847 2331 1948 2381 ne
2004 2300 2108 2382 ad
2160 2301 2559 2382 deteriora
2615 2332 2858 2414 quam
2911 2300 3123 2382 dicta
3162 2320 3351 2384 sunt
3415 2331 3552 2384 sue
3609 2305 3904 2384 laxaret

1125 2436 1611 2518 crudelitatis
1652 2438 2004 2519 habenas
2023 2501 2042 2537 ,
2083 2468 2396 2549 semper
2429 2442 2518 2519 in
2559 2440 2820 2519 verbis
2854 2438 3338 2550 pretendens
3380 2458 3462 2520 et
3497 2469 3598 2520 ne
3641 2470 3904 2549 regem

1122 2591 1201 2652 et
1233 2576 1637 2681 principes
1663 2572 1764 2654 ad
1791 2572 2321 2675 iracundiam,
2345 2604 2586 2688 quam
2621 2604 2837 2657 mors
2866 2593 2961 2655 ut
2990 2578 3488 2657 communius
3517 2580 3903 2688 sequitur,

1123 2727 1673 2817 provocarent.
1716 2711 1927 2811 Quia
1960 2730 2225 2792 tamen
2256 2714 2360 2792 ab
2398 2713 2547 2792 hac
2579 2709 2990 2812 incondita
3023 2709 3536 2792 multitudiue
3563 2730 3643 2791 et
3680 2713 3904 2791 calci-

1125 2864 1342 2925 trosa
1404 2864 1760 2953 rogatuS,
1822 2848 1995 2926 aliis
2056 2878 2193 2928 sue
2271 2849 2792 2958 professionis
2849 2846 3240 2928 similibus
3298 2845 3851 2928 recedentibus
3879 2910 3899 2943 ,

1123 3001 1610 3063 remanserat
1629 3046 1648 3084 ,
1679 3002 1758 3063 et
1775 2985 1988 3065 inter
2017 3005 2383 3068 motuum
2402 2986 2751 3068 civilium
2774 2984 3253 3096 periculosas
3273 2985 3657 3094 procellas
3682 2987 3898 3095 justo

1121 3117 1495 3199 audacius
1534 3149 1617 3199 se
1657 3123 2133 3232 immergens
2150 3186 2169 3222 ,
2217 3124 2641 3207 consi-lium
2685 3120 3015 3203 dederat
3050 3120 3466 3203 muniendi
3504 3125 3901 3233 armisque

1118 3254 1386 3334 villam
1421 3258 1662 3355 tueri,
1710 3256 1929 3369 quod
1973 3262 2249 3372 utique
2277 3260 2583 3340 sciebat
2623 3260 2792 3367 regi
2823 3288 2916 3338 ac
2942 3259 3413 3366 proceribus
3446 3257 3860 3362 displicere
3879 3321 3896 3351 ,

1122 3417 1300 3467 cum
1339 3390 1445 3467 ad
1489 3415 1765 3467 eorum
1798 3391 2179 3498 injuriam
2224 3389 2449 3469 fieret
2468 3450 2487 3484 ,
2529 3405 2621 3467 ut
2663 3385 3081 3466 dicebatur
3111 3387 3461 3495 publice,
3502 3389 3671 3497 ejus
3704 3394 3898 3467 exti-

1119 3542 1324 3604 terat
1370 3551 1604 3603 causa
1654 3526 1962 3604 mortis.
2028 3525 2158 3604 Sic
2212 3528 2355 3637 qui
2410 3523 3014 3637 quatuordecim
3064 3523 3335 3603 lustris
3395 3522 3900 3605 laudabiliter

1120 3663 1365 3740 vitam
1418 3659 1752 3758 ducens,
1812 3690 1992 3741 cum
2053 3663 2379 3772 regibus
2436 3679 2516 3743 et
2573 3661 3080 3772 principibus
3136 3662 3363 3767 regni
3418 3658 3667 3739 ardua
3705 3690 3896 3771 pru-

1122 3794 1402 3875 dencie
1429 3797 1965 3903 gubernaculo
1996 3797 2453 3879 moderatus
2485 3798 2778 3895 fuerat,
2818 3798 3090 3879 multis
3121 3795 3566 3906 exemplum
3615 3796 3903 3876 tribuit

1122 3961 1224 4011 ne
1289 3948 1498 4011 stare
1543 3932 1877 4013 firmiter
1931 3963 2013 4014 se
2056 3954 2554 4044 presumant,
2611 3936 2680 4014 si
2736 3936 2975 4041 regiis
3027 3930 3764 4041 magnipenduntur
3811 3938 3896 4013 in

1103 4056 1354 4165 'auliS,
1412 4096 1592 4146 cum
1620 4066 1946 4149 fortuna
1988 4090 2468 4155 novercante
2507 4088 2589 4150 et
2610 4068 2720 4149 ad
2764 4069 3037 4149 infima
3065 4085 3326 4149 rotam
3375 4097 3598 4149 suam
3628 4067 3903 4149 detru-

1122 4203 1397 4303 dente,
1438 4205 1803 4295 eumdem
1831 4205 1931 4285 ad
1967 4225 2130 4287 tam
2158 4210 2783 4317 ignominiosum
2823 4205 3158 4286 deduxit
3192 4208 3630 4286 interitum.

1229 4338 1359 4429 Ad
1402 4341 1644 4423 finem
1689 4372 1909 4425 casus
1946 4347 2267 4427 veniens
2288 4409 2306 4446 ,
2344 4375 2525 4426 cum
2574 4347 2783 4454 regis
2826 4361 2905 4423 et
2954 4341 3469 4423 dominorum
3504 4343 3891 4423 offensam

1119 4495 1439 4559 centum
1479 4497 1558 4557 et
1596 4505 1692 4560 eo
1723 4481 2062 4587 amplius
2101 4485 2253 4565 viri
2296 4482 2650 4562 scelerati
2682 4478 2921 4560 simili
2962 4508 3170 4588 pena
3201 4480 3565 4579 luissent,
3611 4504 3889 4559 eorum

1119 4615 1238 4691 ira
1310 4612 1710 4694 deferbuit
1737 4677 1756 4713 ,
1835 4635 1915 4695 et
1980 4617 2198 4726 quod
2271 4618 2605 4700 ulterius
2670 4616 3072 4698 ducebant
3141 4619 3169 4661 ¹
3261 4612 3829 4697 vindicandum
3860 4676 3881 4711 ,

1191 4825 1209 4869 .¹
1254 4814 1395 4871 Var.
1416 4838 1432 4869 .·
1458 4830 1522 4871 n⁰
1541 4813 1714 4890 5960,
1739 4817 1838 4875 sol.
1868 4817 1937 4877 52
1965 4839 2040 4893 r.,
2070 4820 2306 4897 dignum
2331 4823 2611 4883 ducebant
2632 4818 3052 4879 vindicandum.
3176 4844 3179 4849 ⁴
