4666 6014
981 658 1130 728 ’358
1456 647 2142 724 CHRONICORUM
2193 646 2551 722 KAROLI
2601 645 2888 722 sEle
2937 649 3114 724 LIB.
3170 649 3297 725 vl.

986 804 1406 913 Philippus
1467 797 1944 912 persuadere
2006 799 2277 880 multis
2338 797 2622 880 mediis
2686 819 3114 882 conaretur
3178 800 3787 886 dilectissimum

984 949 1361 1052 nepotem
1400 968 1632 1050 posse
1670 936 1894 1019 ducis
1932 939 2256 1018 Bavarie
2291 937 2680 1047 Stephani
2732 937 2893 1018 filie
2941 937 3499 1021 honestissime
3544 969 3788 1051 copu-

983 1082 1165 1178 lari,
1205 1082 1692 1162 Bavarorum
1728 1106 1976 1187 genus
2019 1077 2425 1156 immensis
2463 1074 2833 1157 laudibus
2865 1075 3329 1159 attollendo.
3378 1081 3581 1160 Nam
3613 1079 3784 1161 fue-

984 1237 1177 1299 runt
1203 1219 1371 1330 qui,
1395 1216 1913 1297 rebellionem
1936 1243 2213 1295 eorum
2246 1191 2646 1295 recentem
2669 1233 2953 1295 contra
2963 1215 3390 1297 Ecclesiam
3417 1246 3786 1298 execran-

981 1373 1100 1434 tes
1121 1418 1140 1451 ,
1177 1354 1472 1435 ducum
1500 1353 2097 1434 Austrasiorum
2131 1352 2494 1433 sobolem
2551 1350 2912 1460 digniori
2957 1356 3431 1434 auctoritate
3484 1355 3784 1463 pollere

983 1492 1493 1601 reputabant.
1551 1490 1708 1570 Alii
1761 1518 1947 1570 vero
1997 1487 2293 1569 ducum
2333 1490 2863 1599 Lotharingie
2908 1490 3488 1603 obsequiosum
3537 1496 3784 1572 servi-

979 1632 1232 1727 cium,
1283 1631 1366 1708 in
1422 1627 1650 1709 bellis
1707 1625 1985 1737 regum
2031 1626 2485 1706 exhibitum
2534 1628 2782 1707 eciam
2828 1655 3077 1740 usque
3130 1627 3234 1708 ad
3276 1645 3617 1709 mortem
3639 1692 3658 1727 ,
3704 1649 3785 1710 et

983 1767 1448 1848 fidelitatem
1473 1793 1752 1845 eorum
1779 1764 2190 1876 hucusque
2213 1763 2548 1844 Gallicis
2568 1781 3114 1844 conservatam
3139 1764 3379 1845 bonis
3404 1768 3783 1847 omnibus

981 1906 1507 2016 preferentes,
1545 1902 1792 1981 filiam
1836 1900 2060 1981 ducis
2087 1900 2481 1980 Johannis
2520 1919 2716 1981 tunc
2747 1903 3083 1982 viventis
3124 1931 3392 2012 regem
3424 1932 3707 2013 capere
3747 1907 3773 1949 ¹

981 2041 1527 2123 consulebant.
1577 2038 1943 2120 Tandem
1975 2056 2241 2117 tamen
2267 2037 2612 2118 verbalis
2645 2036 3261 2147 disceptacionis
3292 2040 3535 2121 finem
3568 2070 3781 2121 com-

981 2181 1383 2291 placencie
1436 2180 1652 2287 regie
1702 2174 2215 2258 concorditer
2252 2175 2838 2274 submiserunt,
2902 2175 3003 2255 ad
3070 2179 3435 2286 regiones
3486 2208 3781 2260 memo-

983 2338 1192 2398 ratas
1251 2321 1648 2427 pictorem
1695 2315 2269 2426 peritissimum
2319 2314 2726 2393 mittentes
2761 2377 2779 2413 ,
2843 2316 2983 2426 qui
3033 2317 3282 2395 trium
3343 2318 3781 2425 insignium

985 2456 1428 2565 puellarum
1486 2455 1884 2564 graciosas
1953 2452 2193 2532 facies
2250 2451 2546 2532 tabulis
2612 2452 3026 2561 effigiaret.
3093 2453 3315 2554 Quas
3366 2483 3548 2534 cum
3612 2458 3779 2564 regi

986 2595 1467 2674 obtulissent
1486 2654 1505 2689 ,
1565 2590 1981 2672 dominam
2031 2589 2487 2671 Ysabellam
2542 2588 2643 2670 de
2702 2591 3030 2672 Bavaria
3058 2653 3077 2689 ,
3136 2610 3512 2701 quartum
3575 2591 3783 2674 deci-

987 2762 1206 2812 mum
1258 2758 1564 2810 annum
1604 2746 2006 2838 agentem,
2054 2727 2474 2837 preelegit,
2520 2746 2602 2808 et
2648 2728 2887 2838 longe
2926 2747 3114 2810 ante
3160 2729 3352 2810 alias
3396 2732 3658 2836 specie
3700 2750 3781 2808 et

992 2865 1590 2978 pulchritudine
1621 2867 2020 2976 insignem
2052 2863 2465 2976 judicavit.

1099 3006 1227 3088 Ad
1248 3025 1556 3117 patrem
1586 3034 1778 3114 ergo
1810 3003 2066 3113 puelle
2089 3003 2566 3114 sollempnes
2595 3004 2884 3086 milites
2912 3004 3403 3115 diriguntur,
3430 3012 3569 3118 qui
3587 3040 3781 3091 con-

990 3144 1322 3225 nubium
1366 3145 1537 3254 ejus
1566 3161 2023 3253 poscerent,
2061 3160 2143 3221 et
2181 3159 2273 3222 ut
2309 3144 2397 3221 in
2427 3144 2804 3224 societate
2835 3143 3349 3225 fortunarum
3382 3152 3777 3244 omnium,

985 3301 1090 3380 et,
1118 3311 1280 3393 quo
1303 3279 1551 3361 nichil
1579 3280 1843 3360 carius
1872 3279 2377 3359 est-humano
2401 3280 2702 3388 generi,
2728 3280 3204 3380 liberorum3
3234 3281 3779 3395 adderentque

986 3422 1173 3499 satis
1197 3420 1384 3498 sciri
1414 3446 1607 3526 opes
1630 3414 1889 3497 eidem
1919 3445 2088 3497 non
2112 3414 2524 3497 defuturas
2547 3434 2628 3497 et
2656 3417 2994 3527 gloriam
3018 3418 3482 3529 amplissimi
3512 3425 3774 3528 regni3

986 3556 1332 3667 proinde
1361 3584 1465 3635 ne
1497 3572 1960 3664 gravaretur
1995 3582 2176 3634 cum
2208 3571 2438 3635 tanto
2474 3583 2657 3662 rege
2686 3558 3158 3665 sanguinem
3189 3585 3279 3635 ac
3313 3585 3563 3665 genus
3595 3561 3779 3637 mis·

987 3724 1187 3774 cere.
1218 3695 1394 3774 Hiis
1429 3693 1677 3801 igitur
1716 3691 2143 3802 prolixiori
2177 3720 2547 3772 sermone
2575 3695 3032 3801 perornatis
3051 3755 3070 3790 ,
3098 3722 3279 3773 cum
3314 3694 3777 3802 ingentibus

987 3833 1434 3940 graciarum
1487 3828 1939 3909 actionibus
1984 3830 2473 3908 nunciorum
2522 3846 2838 3938 gratum
2890 3830 3396 3938 amplectitur
3446 3831 3780 3912 verbum

988 3968 1154 4049 dux
1215 3966 1622 4079 predictus
1641 4028 1660 4065 ,
1715 3993 1956 4078 seque
2004 3961 2430 4072 indignum
2480 3965 2793 4047 honore
2844 3984 3072 4047 tanto
3122 3983 3504 4076 reputans
3522 4030 3542 4066 ,
3588 3996 3777 4049 mox

988 4105 1359 4187 dilectam
1427 4105 1673 4185 filiam
1737 4104 1909 4182 sine
1976 4103 2493 4181 cunctacione
2560 4130 2843 4184 eorum
2916 4101 3281 4184 fidelitati
3352 4108 3772 4186 commisit.

987 4247 1250 4346 Quam
1299 4270 1488 4323 mox
1536 4270 1715 4324 arra
1759 4238 2254 4349 sponsalium
2297 4236 2707 4339 dotantes,
2762 4258 2855 4322 ut
2907 4242 3303 4350 reginam,
3346 4241 3779 4325 cicladibus

985 4402 1064 4463 et
1117 4383 1520 4464 olosericis
1569 4409 1765 4460 auro
1814 4379 2055 4459 textis
2104 4375 2479 4460 decenter
2544 4381 3127 4491 insignierunt,
3183 4401 3264 4463 et
3319 4384 3406 4462 in
3455 4401 3776 4462 arcuato

984 4551 1264 4617 curru,
1308 4549 1491 4600 cum
1533 4519 1834 4627 insigni
1882 4498 2301 4629 utriusque
2352 4545 2586 4599 sexus
2639 4521 3048 4618 comitatu,
3083 4548 3254 4600 eam
3296 4548 3545 4633 usque
3585 4521 3775 4599 Am·

991 4657 1254 4737 bianis
1287 4654 1821 4737 adduxerunt.

1076 4872 1087 4893 ⁸
1131 4866 1269 4918 Var.
1295 4891 1306 4915 .-
1335 4883 1396 4918 no
1424 4860 1592 4937 5960,
1620 4862 1717 4918 fol.
1743 4860 1813 4915 62
1842 4880 1868 4915 r
1894 4904 1908 4927 ,
1941 4865 2063 4932 regi
2085 4862 2310 4916 nubere.
