4666 6014
983 645 1126 716 470
1447 636 2129 724 CHRONICORUM
2177 636 2534 712 KAROLI
2583 636 2868 712 SEXTI
2917 637 3094 710 ΠΒ.
3136 636 3325 746 -vu,

986 823 1024 864 <c
1065 788 1418 897 propriis
1496 785 1900 868 detestatis
1957 789 2379 874 erroribus
2452 789 2842 868 universis
2868 850 2888 885 ,
2978 785 3501 898 articulisque
3559 804 3770 867 recte

993 959 1029 996 <c
1071 922 1257 1003 fidei
1320 924 1700 1033 implicite
1752 943 1834 1030 et
1887 926 2256 1035 explicite
2301 926 2680 1008 omnibus
2736 943 2815 1004 et
2866 925 3200 1032 singulis
3238 923 3657 1005 declaratis
3694 942 3773 1004 et

995 1096 1031 1134 (ε
1073 1062 1453 1141 confessis
1494 1091 1676 1142 cum
1716 1062 2061 1170 publicis
2100 1065 2654 1144 instrumentis
2679 1126 2696 1161 ,
2732 1081 2811 1142 et
2852 1064 3230 1143 omnibus
3263 1063 3435 1142 aliis
3475 1091 3631 1173 que
3672 1061 3773 1141 ad

994 1232 1030 1271 c<
1076 1199 1386 1279 bonum
1412 1217 1490 1278 et
1511 1175 1992 1281 catholicum
2017 1204 2467 1311 principem
2490 1202 2898 1311 pertinent
2928 1201 3280 1281 totaliter
3311 1199 3773 1297 observatiS,

997 1370 1034 1411 <c
1078 1338 1163 1415 in
1201 1337 1684 1445 singularem
1723 1337 2173 1422 doctrinam
2211 1357 2288 1420 et
2343 1341 2591 1419 eciam
2625 1337 3251 1418 admiracionem
3292 1338 3654 1417 omnium
3693 1337 3780 1416 fi-

1001 1509 1037 1546 «
1080 1472 1374 1554 delium
1412 1493 1490 1555 et
1530 1478 1873 1556 maxime
1914 1477 2231 1556 illorum
2265 1480 2406 1590 qui
2446 1476 2779 1556 aderant
2814 1475 3229 1556 audientes
3261 1493 3341 1556 et
3376 1474 3775 1573 videntes;

1001 1648 1036 1685 ‹<
1078 1612 1295 1692 unde
1333 1643 1541 1693 unus
1585 1613 1688 1706 ad
1733 1616 1976 1696 alium
2003 1616 2308 1696 vultum
2346 1644 2581 1696 suum
2609 1614 3162 1713 convertebat,
3211 1613 3673 1725 adjurantes
3704 1631 3784 1693 et

1007 1784 1043 1822 <c
1085 1747 1436 1832 dicentes
1468 1780 1486 1829 :
1525 1784 1561 1825 <c
1587 1750 1837 1829 Mater
1867 1751 1908 1830 J
1913 1751 2145 1848 hesu,
2183 1748 2380 1862 quid
2408 1769 2530 1830 est
2560 1751 2716 1829 hoc
2742 1751 2779 1838 Ρ
2804 1784 2843 1825 >›
2872 1754 3071 1856 inse
3111 1753 3306 1857 ipsis
3342 1753 3785 1859 cogitantes
3904 1831 3919 1844 ,

1008 1864 1044 1958 ἑ(
1084 1884 1305 1995 quod
1340 1885 1687 1995 Spiritus
1706 1887 2041 1966 Sanctus
2075 1886 2555 1999 loquebatur
2583 1889 2669 1966 in
2695 1888 3000 1995 seipso.
3032 1888 3528 1972 Paeienciam
3548 1915 3790 1998 quam

1016 2058 1053 2096 «
1092 2041 1173 2104 et
1249 2022 1557 2135 qualem
1619 2025 1905 2103 habuit
1930 2086 1948 2121 ,
2002 2023 2474 2110 modestiam
2524 2052 2767 2136 quam
2816 2026 3192 2120 servavit,
3254 2024 3788 2104 humilitatem

1018 2195 1054 2235 (ε
1089 2189 1330 2271 quam
1355 2164 1854 2259 monstravit,
1884 2143 2234 2269 explicet
2253 2163 2405 2274 qui.
2424 2163 2761 2269 poterit;
2793 2161 2983 2273 quia
3011 2189 3159 2269 ego
3191 2160 3449 2240 solum
3479 2189 3790 2241 servare

1016 2333 1051 2368 «
1096 2300 1516 2396 nescirem,
1551 2328 1736 2405 ymo
1775 2326 1922 2378 nec
1965 2301 2213 2378 eciam
2252 2300 2625 2379 intimare
2654 2327 2896 2414 quam
2925 2314 3193 2376 sancte
3223 2297 3494 2377 omnia
3521 2295 3807 2407 dispo-'

1021 2469 1057 2508 (ε
1098 2437 1299 2536 suit,
1361 2464 1602 2546 quam
1662 2436 1816 2515 late
1873 2435 1974 2516 de
2023 2439 2183 2516 suis
2226 2434 2634 2516 ordinavit
2660 2497 2679 2534 ,
2733 2463 2976 2546 quam
3014 2463 3303 2542 magne
3344 2432 3443 2514 de
3492 2437 3798 2514 cunctis

1017 2606 1053 2645 ε
1092 2574 1493 2679 cogitavit.
1540 2574 1784 2651 Gest'a
1817 2592 1896 2651 et
1928 2574 2226 2681 scripta
2263 2602 2402 2656 sua
2434 2574 2664 2656 vobis
2707 2569 3074 2652 dicentur
3107 2590 3479 2652 oretenus
3510 2572 3689 2651 loco
3721 2588 3800 2651 et

1020 2743 1056 2780 (ε
1105 2726 1466 2816 tempore
1496 2712 2003 2818 opportunis,
2049 2711 2188 2789 Sui
2226 2739 2537 2819 semper
2568 2710 2724 2789 fuit
2752 2701 3137 2789 immensa
3166 2711 3586 2803 memoria,
3625 2736 3803 2816 pre-

1022 2881 1057 2916 «
1101 2846 1309 2924 clara
1346 2848 1686 2945 noticia,
1738 2847 2319 2926 ferventissima
2364 2846 2694 2927 devocio
2727 2865 2805 2926 et
2838 2849 3128 2955 ignita,
3177 2874 3429 2957 usque
3476 2843 3579 2925 ad
3621 2844 3805 2924 ulti-

1030 3018 1065 3055 «
1107 3011 1329 3062 mum
1359 2982 1689 3093 hyatum
1718 2985 2100 3064 continue
2124 2986 2530 3065 continua.
2562 2984 2766 3063 Nam
2801 3001 3190 3096 quantum
3225 2984 3460 3082 vixit,
3492 2997 3807 3065 tantum

1034 3155 1070 3193 <c
1119 3120 1385 3218 novit3
1436 3139 1825 3232 quantum
1861 3122 2240 3229 aspiravit
2265 3184 2283 3220 ,
2328 3140 2644 3203 tantum
2683 3123 3094 3221 meminit3
3147 3139 3538 3232 quantum
3576 3121 3809 3229 spiri-

1026 3290 1062 3327 «
1105 3274 1276 3335 tum
1309 3257 1631 3358 habuit,
1673 3276 1989 3339 tantum
2023 3261 2352 3339 caritate
2375 3259 2700 3340 ferbuit.
2744 3261 2846 3338 Et
2877 3259 3054 3368 plus
3085 3287 3324 3338 sanus
3351 3286 3591 3369 quam
3625 3284 3810 3365 eger

1027 3427 1063 3467 <c
1102 3392 1526 3476 videbatur
1564 3395 1666 3475 ad
1706 3398 2138 3495 noticiam;
2184 3397 2360 3506 plus
2396 3399 2747 3506 placatus
2782 3424 3023 3509 quam
3052 3413 3421 3505 gravatus
3448 3455 3468 3493 ,
3510 3422 3672 3505 quo
3706 3390 3808 3471 ad

1035 3566 1072 3606 α
1112 3531 1348 3612 letam
1393 3535 1926 3642 pacienciam3
1969 3535 2147 3643 plus
2188 3533 2509 3616 studere
2548 3564 2789 3647 quam
2822 3532 3127 3633 dolere,
3168 3561 3331 3645 quo
3371 3529 3473 3611 ad
3507 3558 3808 3609 memo-

1041 3702 1078 3741 «
1120 3671 1359 3769 riam3
1395 3669 1574 3779 plus
1614 3672 2138 3780 contemplari
2184 3702 2428 3785 quam
2460 3673 2902 3771 dominari,
2946 3700 3108 3783 quo
3143 3667 3245 3749 ad
3280 3667 3628 3749 caritatis
3660 3665 3814 3745 fer·

1043 3840 1079 3881 <c
1120 3808 1374 3886 ventis
1395 3808 1899 3923 fervenciam3
1930 3810 2212 3889 Curari
2248 3839 2416 3889 non
2451 3810 2821 3917 optabat,
2865 3835 3051 3917 ymo
3081 3808 3343 3887 vivere
3366 3803 3813 3900 recusabat,

1044 3977 1080 4015 (ε
1122 3962 1202 4023 et
1239 3962 1331 4023 ut
1366 3945 1597 4025 fortis
1635 3944 1931 4026 athleta
1951 4009 1970 4046 ,
1999 3965 2283 4027 contra
2321 3945 2790 4056 dyabolum,
2830 3941 3223 4025 mundum
3245 4004 3264 4040 ,
3289 3968 3627 4063 ‘carnem
3663 3941 3819 4019 vir-

1051 4114 1088 4152 «
1129 4098 1357 4161 tuose
1391 4084 1826 4190 pugnabat.
1867 4085 1969 4162 Et
2007 4102 2100 4164 ut
2130 4084 2449 4165 brevius
2485 4080 2955 4163 concludam
2976 4142 2996 4180 ,
3032 4080 3259 4191 quasi
3296 4079 3469 4158 sine
3497 4076 3824 4187 planctu

1053 4251 1090 4291 tc
1134 4235 1212 4298 et
1236 4221 1536 4327 gemitu
1564 4248 1839 4328 passus
1877 4220 2033 4301 fuit
2056 4283 2075 4319 ,
2099 4239 2180 4301 et
2209 4218 2539 4301 tandem
2562 4221 2734 4299 sine
2759 4216 3038 4297 dolore
3061 4234 3144 4296 et
3165 4216 3443 4297 labore
3464 4230 3828 4293 mortuus

1052 4389 1091 4431 α
1127 4383 1307 4436 cum
1342 4384 1646 4439 summa
1684 4359 2220 4458 contricione,
2251 4358 2493 4439 credo
2524 4357 2974 4438 firmissime
2998 4419 3017 4456 ,
3059 4358 3328 4436 statim
3358 4352 3696 4435 evolavit
3724 4347 3825 4429 ad

1053 4527 1089 4568 a
1131 4491 1627 4602 paradisum,
1667 4494 1771 4575 ad
1815 4523 2058 4606 quam
2087 4522 2236 4576 nos
2277 4493 2701 4606 perducat,
2734 4511 2882 4574 etc.
2915 4526 2953 4568 »
3224 4472 3230 4479 ’

1164 4633 1285 4711 De
1334 4634 1734 4712 contentis
1782 4633 1867 4712 in
1916 4633 2204 4713 litteris
2265 4634 2637 4714 nonnulli
2705 4631 3300 4739 obstupuerunt
3323 4688 3342 4724 ,
3395 4639 3829 4706 asserentes

1057 4766 1213 4848 fide
1252 4766 1686 4877 dignorum
1726 4769 1980 4849 relatu
2018 4789 2099 4849 et
2137 4772 2277 4882 qui
2319 4772 2478 4851 sibi
2522 4767 3128 4864 ministrabant,
3188 4762 3383 4844 dum
3424 4765 3510 4843 iu
3548 4761 3833 4868 exigua
