4666 6014
1166 653 1309 726 636
1644 647 2323 722 CHRONICORUM
2373 643 2727 722 KAROLI
2776 645 3060 720 SEXTI
3108 645 3285 718 LIB.
3339 641 3442 716 X.

2049 928 2187 1008 CA
2203 931 2463 1010 PITU
2479 930 2707 1010 LUM
2775 929 3028 1007 XIII.

1813 1141 1901 1199 Dc
1934 1139 2183 1221 quodam
2213 1145 2314 1222 qui
2344 1161 2404 1206 se
2445 1141 2613 1201 finxit
2643 1138 3032 1222 patriarcham
3067 1136 3295 1197 Grccie.

1278 1347 1703 1454 Peregrina
1736 1373 1895 1443 re5‚
1927 1344 2066 1426 sed
2094 1347 2478 1425 memoria
2512 1343 2791 1452 digna,
2823 1344 2979 1422 hoc
3010 1369 3224 1421 anno
3255 1339 3566 1420 accidit.
3600 1343 3701 1422 Et
3728 1347 3939 1453 quia,

1166 1483 1624 1562 necessitate
1678 1499 2007 1590 urgente
2033 1542 2053 1580 ‚
2109 1481 2337 1560 multi
2386 1479 2626 1560 ditari
2670 1494 3062 1587 appetunt
3104 1474 3674 1575 fraudulenter,
3729 1479 3942 1560 hunc

1168 1647 1432 1697 casum
1475 1619 1629 1698 hiis
1680 1618 2177 1725 temporibus
2208 1597 2552 1729 quidam
2579 1618 2885 1696 Greeus
2915 1614 3243 1694 nomine
3286 1613 3568 1693 Paulus
3608 1613 3941 1723 Tagari,

1169 1783 1265 1832 ex
1304 1753 1649 1862 quadam
1705 1756 1958 1846 insula
2015 1755 2300 1833 Grecie
2340 1773 2420 1834 et
2460 1781 2553 1832 ex
2599 1752 2937 1860 ignobili
2986 1778 3270 1859 genere
3320 1748 3748 1849 oriundus,
3810 1780 3946 1832 cu-

1172 1892 1396 1998 piens
1450 1894 1836 2000 experiri,
1896 1893 2133 1971 finxit
2189 1921 2272 1971 se
2325 1889 3316 1997 Constantinopolitanum
3374 1889 3949 1996 patriarcham3

1175 2030 1299 2108 cui
1351 2055 1594 2134 genus
1646 2029 2185 2135 incognitum,
2228 2029 2668 2136 longinqua
2721 2030 2942 2134 regio
3003 2044 3081 2105 et
3131 2027 3234 2106 ab
3287 2028 3575 2106 exteris
3617 2028 3948 2104 minime

1172 2166 1708 2274 frequentata,
1779 2166 2043 2273 ceptui
2095 2162 2494 2245 dederunt
2551 2162 2984 2244 audaciam.
3033 2161 3263 2243 Unde
3313 2164 3607 2244 similes
3648 2165 3771 2243 vie
3820 2191 3949 2241 co-

1174 2303 1403 2382 mites
1449 2304 1601 2383 sihi
1658 2329 2034 2413 queren5‚
2092 2319 2172 2381 et
2228 2319 2469 2382 vento
2526 2301 2767 2381 flante
2818 2298 3170 2381 secundo
3192 2363 3211 2397 ,
3277 2327 3528 2411 usque
3598 2300 3953 2406 Cyprum

1176 2440 1609 2547 navigavit,
1644 2437 1783 2517 ubi
1811 2435 2115 2517 fraudis
2146 2439 2554 2547 primicias
2602 2467 2770 2518 non
2812 2440 2896 2517 in
2944 2466 3235 2518 vanum
3278 2436 3554 2517 statuit
3583 2437 3954 2543 experiri.

1180 2576 1421 2673 Nam,
1485 2592 1571 2653 ut
1613 2573 1712 2652 de
1764 2601 1974 2654 novo
2031 2601 2155 2652 res
2201 2578 2717 2682 contingunt,
2777 2602 2916 2653 rex
2980 2575 3234 2654 insule
3284 2570 3651 2653 nundum
3699 2568 3959 2649 adhuc

1183 2728 1608 2789 coronatus
1652 2709 1928 2788 fictum
1965 2711 2497 2817 patriarcham
2533 2709 2979 2789 honorifice
3010 2710 3321 2818 excepit
3341 2769 3361 2807 ‚
3393 2726 3475 2787 et
3506 2708 3610 2787 ab
3640 2734 3737 2788 eo
3767 2735 3958 2786 unc-

1185 2835 1487 2926 tionem
1537 2845 1874 2953 regalem
1930 2874 2153 2925 more
2208 2875 2444 2954 greco
2505 2833 2978 2954 suscipienS,
3039 2843 3302 2925 eidem
3362 2845 3690 2954 triginta
3740 2844 3957 2924 milia

1182 3011 1605 3063 aureorum
1627 2980 2057 3062 liberaliter
2083 2980 2435 3063 donavit.
2459 2982 2658 3062 Cum
2696 3011 2943 3091 opum
2972 2979 3534 3062 habundancia
3559 2980 3850 3061 familia
3882 2997 3963 3060 et

1181 3119 1393 3197 sama
1433 3119 1602 3227 ejus
1641 3120 1939 3226 incepit
1983 3146 2331 3198 crescere
2380 3138 2460 3199 et
2503 3118 2802 3229 ubique
2847 3117 3262 3226 divulgari.
3307 3116 3544 3197 Unde
3591 3115 3960 3197 nonnulli

1181 3253 1437 3334 eidem
1476 3255 1690 3335 velut
1729 3283 2037 3334 summo
2073 3254 2442 3363 pontifici
2484 3254 2989 3352 adherentes,
3025 3255 3129 3334 ab
3173 3282 3269 3333 co
3302 3253 3684 3333 beneficia
3717 3253 3958 3332 cccle-

1182 3394 1493 3472 siastica
1540 3391 2100 3500 impetrabant.
2146 3393 2247 3471 Et
2279 3394 2487 3472 hanc
2518 3393 3070 3472 auctoritatem
3109 3409 3273 3470 tam
3322 3393 3740 3470 temerarie
3778 3417 3960 3498 pre-

1184 3529 1523 3635 sumpsit
1551 3554 1972 3634 usurpare‚
2003 3544 2094 3606 ut
2132 3555 2294 3606 non
2336 3529 2592 3607 solum
2626 3527 3006 3608 beneficia
3055 3529 3186 3608 illa
3227 3527 3772 3623 confirmaret,
3822 3524 3961 3604 sed

1184 3681 1262 3744 et
1297 3661 1677 3774 quasdam
1719 3660 2145 3770 dignitates
2176 3666 2260 3743 in
2288 3664 2791 3772 episcopatus
2822 3664 3191 3744 ordinem
3222 3679 3772 3743 commutaret.

1302 3800 1539 3879 Illuso
1570 3802 1682 3879 sic
1727 3827 1977 3907 regno
2009 3800 2295 3909 Cypri,
2344 3802 2677 3880 Romam
2707 3805 2923 3881 venit
2944 3864 2962 3901 ,
3009 3803 3144 3881 ubi
3180 3784 3370 3881 tunc
3402 3801 3777 3880 Urbanus
3811 3829 3964 3909 pro

1188 3965 1496 4017 summo
1532 3937 1914 4045 pontifice
1971 3967 2053 4017 se
2103 3939 2465 4047 gerebat,
2519 3969 2845 4048 sperans
2895 3939 3159 4020 adhuc
3213 3968 3349 4019 sue
3387 3937 3690 4019 fraudis
3731 3940 3963 4018 moli-

1186 4078 1399 4152 mina
1442 4072 1792 4153 dilatare.
1830 4072 1983 4153 Sed
2015 4076 2561 4155 Romanorum
2593 4081 2888 4157 astucia
2920 4105 3322 4184 repressus
3365 4095 3505 4157 est.
3536 4070 3737 4155 Nam
3783 4106 3962 4155 cum

1185 4213 1718 4318 interrogatus
1773 4239 2011 4317 super
2062 4211 2330 4291 multis
2392 4216 2889 4321 propositum
2945 4214 3326 4312 variaret-3
3384 4231 3464 4292 et
3515 4229 3775 4291 essent
3823 4214 3957 4321 qui

1184 4345 1676 4425 affirmarent
1738 4374 1822 4424 se
1884 4346 2038 4426 hoc
2096 4376 2310 4427 anno
2381 4350 2920 4458 patriarcham
2980 4348 3961 4456 Constantinopolitanum

1185 4481 1514 4580 vidisse,
1556 4483 1915 4590 propriis
1956 4462 2420 4595 illaqueatus
2475 4487 3018 4583 sermonibuS‚
3061 4486 3466 4567 convictus
3493 4546 3513 4583 ‚
3552 4486 3778 4594 jussu
3815 4485 3965 4563 Ur-

1187 4622 1376 4701 bani
1433 4619 1770 4729 predicti
1826 4623 2119 4701 carceri
2177 4626 2675 4734 mancipatus
2714 4645 2855 4705 est.
2901 4625 3031 4706 Sic
3071 4652 3264 4731 ergo
3307 4620 3837 4733 adjudicatus,
3878 4626 3959 4701 in

1182 4774 1648 4867 paupertate
1687 4761 2030 4839 maxima
2084 4759 2218 4840 diu
2261 4763 2596 4860 mansit,
2653 4762 2952 4861 donec,
2996 4778 3315 4841 mortuo
3353 4760 3725 4858 Urban0‚
3786 4760 3960 4839 loco
