4666 6014
1158 650 1298 724 106
1639 640 2320 718 CHRONICORUM
2372 641 2726 718 KARDLI
2773 642 3060 719 sBx-Tl
3111 645 3288 716 LIB.
3344 645 3436 716 ΙΙ.

1155 801 1219 877 F
1223 799 1492 877 rancie
1509 796 1960 905 patrocinia
1984 821 2068 871 se
2095 794 2515 892 convertit,
2550 822 2756 906 quos
2784 794 3032 874 multa
3054 795 3211 874 sibi
3238 822 3329 873 ac
3357 792 3686 903 profusa
3708 792 3947 902 largi-

1161 938 1392 1014 cione
1415 933 1873 1013 nummum¹
1892 932 2234 1042 quesivit
2264 949 2356 1021 ut
2386 948 2647 1011 essent
2665 960 2802 1012 sue
2825 960 3053 1011 cause
3079 929 3557 1012 defensores.
3574 929 3701 1011 Ad
3721 930 3941 1043 quod

1156 1069 1485 1151 tandem
1515 1069 1876 1150 inclinati
1894 1131 1915 1167 ‚
1955 1069 2254 1177 pluries
2269 1069 2444 1148 viva
2463 1097 2686 1165 voce,
2716 1070 2975 1149 missis
2994 1097 3313 1180 quoque
3332 1068 3718 1178 apicibuS‚
3737 1065 3948 1151 Uni-

1153 1210 1609 1289 versitatem
1658 1224 2090 1286 oraverunt
2138 1207 2601 1315 resipiscere
2655 1207 2757 1286 ab
2804 1208 3181 1315 inceptis3
3240 1205 3378 1287 sed
3428 1234 3575 1286 nec
3625 1234 3951 1315 precum

1156 1343 1617 1425 assiduitate
1648 1345 1951 1422 moveri
1982 1345 2287 1451 potuit,
2332 1346 2418 1421 in
2458 1345 3116 1451 responsionibus
3149 1372 3459 1453 semper
3488 1340 3790 1425 addens
3829 1372 3954 1423 su-

1157 1485 1525 1592 perstites
1557 1482 1622 1560 F
1626 1483 1894 1560 rancie
1929 1480 2557 1560 christianorum
2578 1483 2609 1524 ²
2640 1510 2921 1590 regum
2950 1500 3031 1560 et
3063 1479 3253 1561 fidei
3279 1477 3735 1561 orthodoxe
3770 1508 3957 1588 pro-

1158 1638 1498 1700 tectores
1539 1620 1902 1728 precipui
1953 1646 2104 1726 pro
2150 1617 2503 1697 heretico
2552 1620 3040 1729 nequissimo
3089 1647 3361 1726 preces
3406 1615 3746 1697 fundere
3789 1643 3955 1696 non

1159 1756 1474 1837 debere.
1509 1753 1738 1835 Unde
1773 1754 1866 1835 fit
1897 1751 2118 1867 quod
2152 1757 2612 1864 prepositus
2644 1757 2756 1834 sic
2787 1754 3143 1867 undique
3185 1755 3574 1862 angustiis
3616 1755 3957 1832 circum-

1156 1913 1473 1990 ventuS‚
1507 1895 1890 2002 ignorans
1926 1889 2125 2003 quid
2154 1893 2660 1999 potissimum
2689 1895 2846 1972 sibi
2877 1891 3337 1974 faciendum
3379 1892 3705 2000 eligeret
3727 1953 3747 1990 ‚
3793 1894 3956 1999 epi-

1159 2032 1380 2138 scopi
1415 2031 1623 2108 sistit
1652 2026 1995 2143 judicio,
2039 2045 2119 2107 et
2162 2056 2346 2108 mox
2380 2032 2677 2108 carceri
2712 2032 3240 2138 mancipatur.
3280 2030 3378 2109 In
3425 2058 3659 2109 causa
3697 2047 3960 2109 antem

1158 2166 1426 2245 multis
1473 2167 1905 2274 protractis
1948 2162 2232 2244 diebus
2260 2227 2279 2262 ,
2325 2166 2701 2275 imposita
2752 2168 2907 2246 sibi
2959 2165 3303 2247 finaliter
3346 2185 3467 2246 est
3515 2166 3958 2261 confessus,

1036 2377 1041 2384 .
1159 2303 1376 2384 unde
1419 2305 1605 2412 igne
1647 2305 2012 2385 consumi
2058 2322 2488 2403 meruerat3
2545 2304 2684 2385 sed
2736 2304 2836 2386 ad
2896 2335 3169 2417 preces
3222 2305 3742 2389 dominorum
3798 2334 3965 2386 mu-

1161 2460 1324 2521 tata
1356 2442 1758 2521 sentencia
1779 2503 1798 2538 ,
1831 2440 2061 2519 aliter
2094 2468 2424 2520 suorum
2458 2441 2840 2522 scelerum
2871 2473 3120 2553 penas
3151 2430 3322 2524 luit.

1279 2578 1572 2658 Mensis
1596 2596 1941 2686 namque
1968 2577 2154 2654 maii
2179 2574 2488 2656 decima
2512 2581 2848 2686 septima
2869 2577 3023 2678 die,
3056 2582 3142 2660 in
3172 2581 3486 2686 parviso
3502 2581 3577 2658 N
3580 2598 3795 2659 ostre
3818 2581 3969 2658 Do·

1165 2717 1380 2793 mine
1416 2732 1496 2793 et
1535 2716 1619 2792 in
1649 2713 1826 2793 loco
1865 2741 1965 2792 ex
1998 2711 2235 2822 lignis
2275 2711 2736 2796 dolatilibus
2766 2745 3081 2796 sursum
3110 2717 3409 2796 elevato
3444 2719 3923 2797 constitutus
3945 2779 3964 2816 ,

1168 2870 1246 2931 et
1279 2851 1503 2931 flexis
1551 2851 1922 2957 genibus,
1973 2851 2273 2962 absque
2321 2854 2686 2961 capuci0‚
2731 2852 3266 2933 absolucionis
3320 2853 3793 2934 beneficium
3851 2882 3972 2934 re-

1839 3017 1901 3069 ie
1940 2990 2208 3098 pueris
2255 2986 2692 3069 Judeorum
2749 2990 3176 3100 baptizatis
3218 3010 3296 3070 et
3338 2992 3806 3101 parentibus
3856 3021 3972 3070 re-

1839 3155 1957 3205 rea
2010 3126 2360 3206 offerens
2386 3189 2404 3224 ‚
2455 3127 2558 3206 ab
2603 3130 2983 3236 episcopo
3030 3129 3490 3225 Parisiensi,
3541 3147 3848 3209 rectore
3894 3149 3972 3207 et

1839 3262 2113 3342 ntibus
2150 3261 2614 3342 absolvitur.
2650 3265 3130 3376 Peractaque
3154 3264 3588 3344 collacione
3612 3294 3702 3344 ac
3731 3294 3971 3345 enor-

1841 3429 1986 3508 per
2021 3401 2575 3512 inquisitorem
2617 3399 2962 3480 heretice
2992 3404 3406 3511 pravitatis
3436 3400 3758 3512 publice
3790 3431 3975 3509 pro-

1180 3536 1524 3645 mulgata
1554 3599 1573 3636 ‚
1628 3537 1731 3616 ab
1788 3539 2170 3647 episcopo
2224 3540 2467 3617 sacris
2521 3538 2874 3618 vestibus
2932 3536 3259 3637 indute,
3314 3556 3407 3619 ut
3459 3537 3796 3649 perfidie
3843 3539 3974 3648 ju-

1182 3673 1403 3753 daice
1442 3674 1747 3771 fautor,
1785 3692 2460 3755 sacramentorum
2496 3676 2840 3755 Ecclesie
2890 3694 3398 3785 contemptor
3421 3738 3440 3774 ,
3476 3694 3556 3756 et
3595 3693 3974 3785 tanquam

1183 3811 1578 3890 hereticus
1603 3809 1935 3890 credens
1969 3829 2049 3891 et
2078 3810 2625 3920 dogmatizans
2652 3813 2992 3892 heresim
3015 3875 3034 3911 ,
3071 3812 3320 3899 claves
3357 3839 3677 3922 quoque
3708 3810 3975 3888 Eccle-

1186 3953 1298 4029 sie
1323 3948 1864 4059 multipliciter
1889 3968 2200 4030 contem
2208 3980 2490 4060 pnen3‚
2522 3981 2620 4031 ex
2640 3952 2934 4063 quibus
2962 3952 3402 4030 sentencias
3433 3948 3978 4027 excommuni-

1189 4089 1536 4165 cacionis
1577 4089 2022 4167 incurrerat
2045 4152 2064 4187 ,
2101 4090 2469 4200 ipsasque
2506 4091 2987 4169 sustinuerat
3016 4116 3162 4197 per
3194 4114 3488 4165 annum
3522 4103 3604 4164 et
3642 4084 3980 4193 amplius

1190 4226 1459 4304 animo
1518 4226 1961 4333 pertinaci,
2017 4224 2118 4305 ad
2170 4223 2566 4336 agendum
2620 4226 3156 4335 penitenciam
3205 4240 3594 4332 perpetuo
3642 4223 3728 4300 in
3777 4249 3981 4330 pane

1190 4361 1522 4441 tristicie
1550 4380 1629 4441 et
1655 4391 1861 4475 aqua
1890 4361 2193 4469 doloris
2224 4364 2541 4472 publice
2574 4361 3238 4470 condempnatur.

1269 4630 1281 4651 ¹
1332 4617 1470 4673 Var.
1499 4642 1512 4670 .·
1537 4627 1599 4672 η’
1624 4616 1800 4693 5960,
1827 4618 1927 4674 fol.
1957 4616 2026 4674 38
2048 4638 2118 4688 v„
2148 4609 2461 4674 maier-um.

1268 4714 1287 4735 ¹
1333 4703 1470 4759 γαν.
1500 4728 1516 4756 .·
1544 4712 1608 4758 n⁰
1629 4702 1798 4778 5960,
1828 4704 1926 4759 fol.
1955 4701 2024 4761 58
2051 4724 2127 4774 v.,
2151 4705 2755 4761 christianissimorum
