4666 6014
1055 680 1201 752 284
1533 669 2219 746 GHRONICORUM
2269 668 2628 744 KAROLI
2674 669 2965 748 SEXTI
3007 675 3182 749 LIB.
3239 669 3370 750 IV·

2013 954 2695 1035 CAPITULUM
2763 957 2910 1038 IV.

1168 1193 1303 1254 Dux
1332 1191 1590 1253 Britanie
1616 1190 1902 1272 persuasit
1936 1202 2004 1251 ut
2025 1234 2043 1267 ,
2077 1191 2261 1252 soluta
2290 1190 2626 1265 obsidione,
2658 1191 2852 1252 hostes
2880 1190 3040 1251 abire
3074 1191 3260 1252 libem
3286 1193 3753 1274 permiterentur.

1181 1425 1382 1504 Cum
1432 1424 1601 1534 jam
1649 1438 1905 1502 metus
1955 1420 2508 1526 effunderetur
2563 1425 2650 1501 in
2702 1425 2982 1504 castris
3029 1423 3384 1503 hostium
3436 1425 3546 1504 ob
3590 1426 3867 1534 pabuli

1066 1580 1146 1643 et
1200 1563 1317 1641 rei
1378 1561 1898 1641 frumentarie
1942 1562 2366 1669 penuriam
2386 1623 2404 1659 ,
2448 1578 2530 1640 et
2574 1563 2715 1673 qui
2754 1587 3062 1641 smnma
3104 1562 3577 1642 auctoritate
3613 1561 3851 1672 polle-

1066 1702 1268 1779 bant
1300 1698 1836 1807 ignominiose
1863 1695 2309 1778 dedicionis
2347 1698 2630 1809 jugum
2659 1696 3234 1798 abhorrerent,
3265 1700 3492 1811 quasi
3529 1696 3868 1781 demersi

1070 1825 1176 1916 in'
1213 1817 1803 1946 desperacionis
1860 1836 2249 1935 abissum,
2304 1833 2502 1947 quid
2559 1853 2838 1944 agant,
2909 1834 3108 1947 quid
3171 1836 3486 1916 consilii
3547 1839 3872 1947 capiant

1068 1977 1535 2085 ignorantes
1566 2037 1585 2067 ,
1637 1992 1980 2053 tractare
2040 1991 2428 2082 ceperunt
2492 1970 2904 2085 quomodo
2972 1973 3130 2054 hiis
3183 1973 3568 2055 molestiis
3626 1976 3868 2055 finem

1070 2131 1418 2225 ponant,
1449 2089 1740 2191 'mutuo
1790 2129 2058 2190 tamen
2095 2128 2520 2222 querentes
2559 2128 2836 2192 utrum
2876 2110 3375 2193 commodius
3416 2132 3654 2211 esset,
3686 2113 3868 2193 villa
3906 2207 3911 2213 ,

1070 2251 1397 2331 Gallicis
1461 2246 1755 2328 tradita
1790 2252 1855 2346 ¹,
1926 2246 2121 2327 alibi
2183 2277 2266 2328 se
2322 2248 2761 2332 transferre
2828 2278 3071 2361 quam
3123 2250 3333 2332 fame
3399 2252 3864 2361 periclitari.
3926 2263 3930 2268 ’

1070 2380 1454 2470 νεώιιη1
1477 2387 1634 2466 hoc
1684 2383 1784 2465 de
1824 2388 2233 2466 communi
2286 2415 2682 2470 consensu
2725 2388 2812 2467 in
2854 2387 3180 2496 publico
3222 2387 3636 2470 auditorio
3676 2419 3868 2501 pro—

1070 2529 1442 2635 ponitur3
1484 2541 1642 2604 stat
1682 2523 2060 2604 omnibus
2109 2526 2511 2604 sentencia
2562 2527 2807 2606 tantis
2855 2527 3082 2607 malis
3129 2528 3374 2609 finem
3419 2531 3867 2639 imponere,

1070 2685 1150 2745 et
1202 2692 1684 2777 quocunque
1731 2692 1921 2744 casu
1943 2725 1963 2761 ,
2017 2665 2627 2777 quibuscunque
2672 2663 3286 2747 condicionibus
3333 2666 3437 2748 ad
3493 2669 3868 2749 obtinen-

1074 2803 1269 2885 dum
1309 2831 1703 2883 recessum
1742 2801 2395 2911 perveniendum.
2437 2802 2795 2917 Indeque
2833 2802 3189 2884 medium
3227 2802 3332 2885 ad
3371 2805 3528 2884 hoc
3566 2819 3870 2886 accom-

1075 2939 1407 3022 modum
1458 2940 2013 3052 perquirentes
2033 3002 2051 3039 ,
2102 2937 2386 3021 ducem
2417 2940 2772 3022 Britanie
2803 2941 3218 3055 hucusque
3276 2940 3869 3035 dilectissimum

1075 3078 1276 3159 clam
1320 3080 1730 3158 evocatum
1775 3076 2173 3191 alloqutos
2225 3082 2634 3188 comperio
2679 3080 2766 3158 in
2811 3078 3031 3160 hunc
3077 3078 3411 3160 modum
3459 3111 3475 3159 ε

1191 3251 1228 3290 «
1261 3216 1518 3314 Scias,
1561 3218 1977 3328 inquiunt,
2020 3217 2485 3325 principum
2522 3208 2865 3325 optime,
2906 3215 3335 3297 familiares
3365 3235 3445 3298 et
3478 3219 3869 3299 commili-

1076 3389 1115 3428 «
1157 3373 1386 3436 tones
1425 3372 1608 3434 tuos
1654 3354 1862 3433 fame
1906 3381 2222 3463 pressos
2280 3355 2607 3462 elegisse
2656 3352 3195 3452 commodius,
3240 3371 3503 3434 castro
3544 3355 3872 3434 Gallicis

1076 3528 1114 3567 (ε
1158 3490 1478 3574 reddito
1499 3555 1518 3592 ,
1562 3492 1757 3572 alibi
1800 3521 1884 3571 se
1929 3493 2371 3573 transferre
2412 3520 2656 3605 quam
2696 3492 2907 3574 fame
2945 3493 3352 3572 tabescere
3401 3509 3482 3571 et
3536 3494 3872 3601 penuria

1076 3666 1116 3705 «
1154 3631 1612 3711 victualium
1633 3629 2065 3744 liquefieri3
2105 3631 2642 3745 omnibusque
2673 3649 2831 3713 stat
2861 3632 3269 3711 sentencia
3296 3630 3872 3711 instanti*malo

1078 3802 1116 3842 «
1158 3769 1400 3850 finem
1450 3771 1906 3877 imponere,
1958 3789 2039 3851 et
2078 3799 2565 3883 quocunque
2612 3799 2799 3852 casu
2848 3766 2953 3850 ad
3008 3765 3535 3849 obtinendam
3600 3794 3875 3877 pacem

1080 3946 1118 3985 «
1158 3913 1430 3992 venire
1497 3910 1618 3992 vel
1707 3928 2155 3993 tractatum.
2229 3912 2326 3992 In
2380 3930 2489 3993 .te
2557 3911 2817 3997 solum
2889 3924 3075 4017 post
3153 3911 3411 3993 Deum
3494 3911 3873 3988 amantis·-

1079 4086 1118 4123 «
1158 4052 1355 4130 sime
1397 4049 1914 4149 confidimus,
1958 4071 2038 4134 et
2083 4054 2252 4163 spei
2304 4071 2585 4134 nostre
2631 4052 3069 4133 anchoram
3114 4028 3202 4129 in
3226 4058 3377 4129 ‘tue
3422 4032 3874 4131 dilecti-onis

1083 4224 1120 4261 «ι
1163 4186 1596 4271 solliditate
1634 4191 2162 4300 configenteS,
2204 4189 2735 4301 deprecamur
2758 4253 2778 4291 ,
2814 4218 2916 4269 ne
2942 4205 3219 4269 notam
3268 4186 3874 4301 ingratitudinis

1080 4329 1567 4426 «incurras,
1631 4325 1770 4407 sed
1836 4329 2206 4435 Angliam
2239 4304 2902 4408 ‘admemoriam
2968 4321 3339 4423 reducas,
3407 4353 3562 4436 que
3625 4342 3703 4403 te
3763 4326 3874 4401 sic

1057 4500 1118 4546 A«
1163 4463 1500 4547 dulciter
1549 4465 1755 4546 fovit
1781 4528 1801 4564 ,
1857 4494 2013 4578 que
2064 4466 2218 4547 tibi
2282 4463 2662 4545 ducatum
2724 4438 3076 4544 restituit
3100 4525 3119 4562 ,
3176 4480 3268 4543 ut
3330 4480 3555 4543 unta
3611 4488 3876 4541 neces-

1082 4637 1117 4675 «
1160 4605 1393 4683 sitate
1415 4666 1433 4702 ,
1489 4602 1729 4684 rebus
1787 4605 2108 4712 penitus
2169 4599 2610 4713 desperatis
2639 4667 2658 4704 ,
2716 4633 2887 4687 non
2940 4580 3283 4682 moreris
3343 4602 3505 4680 tuis
3559 4625 3874 4677 succur-

1159 4870 1170 4890 ³
1221 4861 1280 4915 V
1274 4880 1362 4916 ar.
1386 4887 1399 4913 .-
1422 4867 1485 4916 η·
1509 4860 1686 4935 5960,
1709 4860 1804 4945 sol4
1825 4857 1895 4916 55
1915 4879 1985 4929 v.,
2016 4863 2322 4930 resignata<⁶
