4666 6014
1100 620 1194 688 24
1614 607 2296 687 CHRONICORUM
2348 606 2702 681 KAROLl
2753 606 3037 683 SEXTI
3084 608 3260 683 LlB.
3316 609 3374 683 1.

1099 769 1254 845 sito
1291 762 1624 845 dissidet
1665 761 1885 874 quod
1905 823 1923 857 ,
1981 790 2162 841 cum
2200 758 2477 839 eadem
2524 779 2732 842 etate
2781 779 3010 871 pater
3066 765 3337 843 vivens
3380 762 3539 841 sibi
3583 761 3895 842 thesau-

1097 931 1230 982 ros
1265 904 1528 1011 regios
1566 918 1645 979 et
1668 898 1955 1009 jocalia
2003 875 2559 978 inestimabilis
2583 900 2873 978 valoris
2906 897 3397 998 ostenderet,
3432 916 3526 979 ut
3554 928 3654 979 ex
3687 901 3884 1008 ipsis

1099 1068 1349 1121 unum
1378 1053 1694 1146 caperet
1717 1032 1937 1147 quod
1972 1034 2236 1130 vellet,
2272 1037 2579 1114 cunctis
2610 1037 2836 1147 quasi
2872 1035 3313 1145 vilipensiS,
3345 1064 3616 1116 ensem
3644 1066 3892 1116 unum

1100 1180 1183 1256 in
1226 1173 1518 1284 angulo
1554 1173 1753 1281 regii
1797 1173 2144 1252 vestiarii
2190 1200 2633 1281 appensum
2679 1174 2834 1252 sibi
2872 1171 3158 1252 donari
3208 1164 3490 1281 peciit,
3534 1176 3894 1253 miranti-

1098 1341 1252 1424 que
1284 1312 1452 1420 regi
1487 1337 1726 1420 super
1755 1307 2139 1388 electione
2172 1308 2496 1416 puerili,
2533 1307 2750 1388 miles
2786 1309 3105 1389 inclitus
3138 1308 3689 1409 Guichardus,
3729 1309 3893 1390 dal-

1099 1449 1308 1530 finus
1335 1424 1740 1544 Alvernie,
1773 1464 2198 1556 preceptor
2227 1464 2652 1557 custosque
2681 1448 2852 1557 ejus
2878 1451 3308 1558 precipuus
3329 1511 3347 1544 ,
3389 1448 3598 1529 dixit
3626 1452 3888 1558 ipsum

1100 1591 1186 1666 in
1230 1588 1385 1671 hiis
1441 1604 1520 1666 et
1570 1584 1961 1664 similibus
2020 1581 2335 1662 decoris
2384 1586 2627 1663 armis
2670 1585 3152 1666 militaribus
3190 1616 3493 1666 summe
3538 1587 3889 1695 gloriari.

1002 1730 1007 1739 '
1100 1721 1343 1826 Quod
1376 1722 1627 1822 aliter,
1659 1724 1930 1832 paucis
1967 1719 2249 1801 diebus
2283 1721 2608 1831 elapsis,
2652 1741 2880 1832 pater
2922 1727 3250 1834 cupiens
3289 1727 3671 1834 experiri,
3715 1754 3893 1805 cum

1100 1862 1509 1970 solempne
1553 1862 2003 1940 convivium
2047 1857 2383 1939 ducibus
2425 1877 2504 1940 et
2547 1861 3051 1969 principibus
3106 1865 3331 1970 regni
3386 1862 3891 1958 celebrasset,

1105 2003 1394 2079 iterum
1447 1998 1604 2078 sibi
1643 1997 1938 2078 obtulit
1961 2026 2059 2079 ex
2088 2026 2284 2077 auro
2327 2016 2406 2077 et
2445 2001 2774 2107 gemmis
2814 1978 3196 2079 coronam
3235 2000 3894 2106 speciosissimam

1101 2154 1180 2216 et
1220 2137 1561 2244 galeam;
1602 2133 1739 2215 sed
1775 2134 1964 2214 huic
1998 2138 2366 2245 querenti
2409 2134 2608 2245 quid
2648 2139 2926 2245 pocius
2976 2154 3294 2244 optaret
3338 2153 3476 2216 aut
3516 2165 3695 2215 cum
3734 2165 3894 2215 una

1104 2276 1188 2351 in
1222 2300 1486 2380 regem
1520 2273 1893 2351 coronari
1934 2289 2071 2351 aut
2113 2301 2293 2352 cum
2324 2273 2570 2352 altera
2599 2273 2900 2352 bellicis
2932 2271 3532 2353 discriminibus
3561 2275 3890 2380 exponi,

1101 2410 1351 2489 libere
1387 2406 1930 2518 respondens:
1969 2444 2007 2483 <c
2049 2409 2371 2508 Malem,
2422 2411 2687 2518 inquit
2712 2472 2730 2507 ,
2767 2407 3091 2490 domine
3135 2413 3276 2508 mi,
3312 2392 3612 2519 galeam
3654 2439 3894 2521 quam

1104 2577 1512 2630 coronam.
1580 2582 1618 2622 »
1684 2549 1867 2648 Qua
1927 2551 2451 2657 responsione
2511 2551 2897 2629 instinctu
2960 2551 3300 2630 naturali
3373 2548 3891 2660 procedente,

1102 2704 1447 2768 astantes
1488 2687 1753 2794 ipsum
1792 2684 2080 2764 milicie
2126 2705 2406 2794 aptum
2461 2687 2825 2766 futurum
2876 2686 3482 2798 judicaverunt3
3546 2688 3896 2797 ipsisque

1102 2825 1662 2921 exorantibus,
1715 2851 1883 2903 non
1917 2821 2163 2902 modo
2203 2852 2359 2935 que
2401 2826 2748 2932 pecierat
2787 2827 3110 2923 annuit,
3161 2826 3459 2904 scilicet
3513 2852 3778 2903 ensem
3817 2842 3896 2902 et

1103 2962 1436 3070 galeam,
1493 2979 1583 3040 ut
1620 2957 2270 3070 appenderentur
2312 2962 2555 3071 capiti
2584 2960 2766 3042 lecti
2799 2964 2913 3043 sui
2941 3026 2959 3061 ,
2995 2960 3132 3043 sed
3168 2980 3247 3042 et
3283 2990 3504 3041 arma
3541 2962 3607 3070 ej
3622 2989 3709 3040 us
3739 2977 3895 3040 sta-

1101 3118 1281 3179 ture
1320 3099 1900 3207 competencia,
1946 3127 2240 3207 rogans
2273 3122 2551 3178 omnes
2586 3118 2674 3178 ut
2714 3100 2905 3197 sibi,
2952 3128 3047 3179 eo
3078 3097 3498 3195 defuncto,
3541 3095 3896 3176 laudabi-

1101 3236 1282 3314 liter
1321 3214 1764 3332 servirent,
1802 3233 2022 3347 quod
2077 3235 2372 3343 singuli
2423 3265 2603 3315 cum
2653 3241 3106 3346 juramento
3158 3237 3735 3346 promiserunt,
3794 3233 3896 3312 ab

1102 3369 1435 3452 instanti
1477 3374 2033 3452 coronacionis
2065 3402 2238 3472 sue,
2278 3391 2370 3453 ut
2409 3392 2707 3453 tactum
2742 3392 2896 3472 est,
2947 3375 3426 3453 inchoantis.

1215 3511 1424 3620 Egre
1465 3528 1730 3590 tamen
1765 3510 2278 3620 perferebant
2310 3511 2531 3624 quod
2585 3513 2690 3592 ab
2738 3512 2965 3592 obitu
3010 3512 3279 3591 inclite
3310 3508 3897 3591 recordacionis

1103 3645 1414 3726 domini
1446 3648 1870 3727 Bertranni
1902 3646 2003 3728 de
2035 3651 2493 3762 Guesquin,
2525 3652 2649 3759 cuj
2664 3680 2750 3731 us
2784 3669 2998 3758 gesta
3027 3652 3413 3730 virtutum
3444 3651 3529 3727 in
3563 3647 3900 3727 Francia

1102 3801 1182 3862 et
1220 3784 1607 3891 Hispania
1646 3785 1897 3864 multa
1928 3789 2202 3894 vigent
2240 3788 2321 3866 in
2362 3789 2656 3896 longua
2705 3789 3128 3884 memoria,
3159 3788 3486 3894 longum
3532 3812 3697 3862 non
3723 3785 3899 3862 sine

1104 3949 1333 4001 causa
1359 3949 1780 4002 recensura
1803 3952 1947 4032 per
1969 3953 2235 4022 evum,
2265 3922 2627 4004 defuerat
2654 3926 2783 4003 cui
2811 3950 3088 4033 parere
3116 3921 3500 4002 deberent
3521 3982 3540 4016 ,
3584 3935 3721 3997 aut
3747 3917 3898 3996 sub

1103 4061 1328 4169 cujus
1347 4060 1617 4169 regula
1639 4080 2141 4170 regerentur3
2169 4062 2393 4175 quod
2426 4091 2550 4143 res
2581 4065 2833 4142 eciam
2859 4061 3263 4171 gereretur
3284 4060 3433 4139 sub
3458 4055 3895 4137 vexillifero

1101 4197 1382 4277 functo
1415 4201 1883 4279 auctoritate
1919 4203 2292 4310 regentis
2335 4197 2429 4278 Id
2461 4229 2505 4279 a
2529 4200 2864 4296 Biturie,
2905 4194 3365 4306 Burgundie
3404 4213 3484 4273 et
3507 4194 3896 4272 Borbonii

1103 4331 1439 4412 ducibus
1465 4353 1840 4444 negatum
1874 4335 2137 4416 fuerat
2158 4399 2176 4435 ,
2208 4366 2389 4416 cum
2428 4337 2511 4415 in
2545 4354 2815 4415 mutue
2851 4333 3466 4443 composicionis
3508 4334 3898 4409 insertum

1104 4490 1304 4551 esset
1323 4469 1661 4553 formula
1680 4536 1699 4572 ,
1720 4473 1939 4587 quod
1968 4476 2331 4555 militaris
2355 4474 2777 4583 disciplina
2796 4472 3056 4552 edicto
3076 4470 3627 4552 moderaretur
3647 4469 3893 4576 regi0.

1103 4606 1297 4687 Ideo
1319 4672 1337 4707 ,
1370 4610 1696 4690 invento
1728 4613 1753 4655 ¹
1793 4640 2007 4720 rege,
2035 4609 2138 4690 ad
2168 4611 2633 4690 electionem
2664 4609 3275 4692 conestabularii
3304 4621 3895 4718 processerunt,

1184 4828 1193 4846 ⁸
1243 4818 1380 4874 Var.
1412 4843 1424 4872 .-
1455 4816 1706 4894 n⁰5960,
1734 4816 1832 4874 fol.
1862 4815 1924 4874 31
1958 4837 2029 4886 r.,
2049 4818 2302 4894 jubente.
