4666 6014
1156 657 1301 744 644
1625 646 2304 726 CHRONIGORUM
2354 648 2706 725 KAROLI
2757 645 3041 724 SEXTI
3092 647 3267 721 ΠΒ.
3321 648 3425 722 Χ.

1157 799 1620 882 catholicam
1642 859 1661 894 ,
1690 826 1962 879 omnes
1998 788 2374 898 articulos
2407 798 2884 908 dampnans»,
2916 800 3298 906 spernens
3322 814 3402 877 et
3434 795 3930 905 vilipendens

1052 1022 1062 1030 ,
1156 937 1423 1016 omnia
1463 934 1974 1014 ecclesiastica
2028 954 2516 1018 sacramenta
2539 997 2558 1033 ‚
2612 934 3097 1015 obstinacius
3150 922 3495 1050 negabat
3534 934 3621 1011 in
3659 959 3930 1013 sacia-

1155 1087 1427 1150 mento
1462 1070 1730 1149 altaris
1774 1069 1924 1151 sub
1959 1072 2364 1180 speciebus
2410 1073 2637 1181 panis
2686 1091 2766 1153 et
2800 1071 2963 1151 vini
3016 1096 3307 1177 corpus
3338 1086 3419 1149 et
3462 1051 3929 1177 sanguinein

1160 1204 1457 1284 Christi
1505 1207 1922 1290 contineri.
1973 1207 2376 1308 Quociens
2433 1211 2676 1289 eciam
2735 1205 3131 1303 ecclesias,
3190 1221 3511 1317 questus
3568 1233 3798 1285 causa
3851 1219 3931 1284 et

1158 1340 1662 1424 mendicitate
1728 1359 2099 1450 urgente,
2166 1343 2763 1453 frequentabat,
2831 1341 2930 1422 ad
2988 1342 3511 1422 elevacionem
3565 1343 3930 1450 corporis

1156 1479 1455 1594 Christi
1499 1506 1662 1556 non
1697 1475 2178 1586 dignabatur
2219 1507 2665 1589 assurgere3
2720 1477 2857 1559 sed
2889 1497 2968 1559 et
2999 1478 3645 1588 assurgentibus
3624 1506 3930 1585 impro-

1157 1640 1477 1720 perans,
1514 1640 1647 1692 cos
1689 1613 1970 1692 stultos
2001 1614 2485 1721 appellabat,
2525 1644 2717 1695 cum
2748 1643 3075 1722 parvam
3104 1613 3434 1694 oblitam
3469 1616 3698 1720 panis
3727 1612 3930 1692 ado-

1155 1766 1446 1830 rarent
1480 1753 1550 1827 Α
1584 1750 2170 1855 circumspectis
2206 1768 2285 1829 et
2335 1749 2782 1834 scientificis
2822 1751 3010 1828 viris
3059 1749 3352 1855 pluries
3390 1750 3780 1843 monitus,
3821 1747 3923 1830 ad

1156 1914 1294 1965 cor
1322 1885 1583 1965 noluit
1630 1882 1927 1982 redire,
1970 1913 2116 1964 nec
2154 1911 2463 1965 errores
2511 1876 2878 1994 abjurare
2919 1883 3210 1993 quibus
3253 1865 3397 1964 diu'
3438 1884 3695 1966 fuerat
3743 1884 3922 1962 alli-

1155 2037 1417 2127 gatuS‚
1469 2050 1613 2124 nec
1660 2020 1760 2100 ad
1804 2022 2186 2101 unitatem
2224 2021 2607 2101 catholice
2652 2021 2968 2102 ecclesie
3011 2018 3296 2100 redire.
3344 2018 3531 2100 Ideo
3567 2022 3919 2099 moriens

1155 2185 1444 2264 corpus
1472 2157 1641 2265 ejus
1680 2157 1764 2236 in
1792 2138 2013 2237 dolio
2056 2158 2404 2265 positum
2433 2162 2516 2238 in
2549 2176 2758 2238 terra
2785 2155 3438 2266 prophana„non
3467 2153 3915 2249 benedicta,

1148 2289 1375 2401 juxta
1413 2295 1733 2392 turrim,
1776 2319 1931 2405 que
1969 2312 2274 2374 murata
2308 2312 2657 2394 vocatur,
2702 2292 3095 2401 sepultum
3131 2308 3273 2374 est.
3389 2391 3400 2398 ,

2100 2803 2145 2914 09
