4666 6014
991 655 992 658 ’
1079 655 1223 725 324
1569 650 2254 726 CHRONICORUM
2277 681 2282 688 ·
2303 648 2659 728 KAROLI
2709 651 2994 726 SEXTI
3043 654 3221 726 EIB.
3276 643 3373 729 V.

1065 860 1076 868 .
1194 797 1325 876 Sic
1347 825 1462 888 ,ex
1493 771 1692 905 ’rege
1732 799 1913 879 exul
1954 800 2210 879 factus
2249 816 2331 879 et
2369 799 2792 909 profugus»,
2844 800 3081 879 nube·
3107 828 3428 913 quoque
3471 798 3875 890 obscuris-

1077 936 1274 1013 sima
1342 934 1672 1014 confusa
1733 934 2089 1017 claritate
2153 938 2578 1045 preterita,
2644 933 2870 1047 ‘quid‘
2909 952 3180 1044 ageret
3209 998 3227 1034 ,
3293 934 3492 1048 quid
3558 939 3873 1044 consilii

999 1151 1003 1154 .
1079 1087 1399 1179 caperet
1443 1071 1770 1179 ignarus
1817 1074 1939 1154 vel
1972 1101 2359 1186 quorsum
2402 1071 2799 1173 tenderet,
2837 1101 3004 1154 non
3043 1073 3872 1184 Constantinopolim,

1079 1224 1416 1287 matrem
1445 1209 1768 1289 urbium
1799 1209 2089 1292 Grecie
2121 1214 2394 1321 peciit,
2432 1213 2599 1322 jam
2629 1213 2732 1292 ab
2766 1211 2961 1320 ipsis
2993 1209 3278 1290 Turcis
3307 1210 3709 1291 obsessam
3738 1277 3756 1310 ,

1573 1403 1576 1406 ¹
1679 1418 1779 1487 Ne
1815 1418 2063 1489 Sdllam
2094 1419 2372 1489 incideret
2405 1419 2649 1488 credens
2680 1418 2869 1488 vitare
2913 1417 3241 1489 Garibdim.

1078 1628 1233 1712 Sed
1277 1603 1380 1709 ad
1421 1636 1890 1730 memoriam
1934 1632 2323 1714 reducens
2374 1634 2569 1714 olim
2600 1635 3160 1743 progenitores
3206 1661 3395 1713 suos
3426 1632 3532 1712 ab
3580 1631 3736 1712 illis
3775 1631 3875 1713 de

1075 1765 1524 1867 LisiniacO,
1590 1771 1732 1881 qui
1772 1789 2088 1852 corone·
2121 1767 2771 1852 Fraude-fideles
2822 1768 3135 1851 subditi
3182 1797 3442 1879 nuper
3492 1785 3574 1849 et
3640 1769 3873 1852 obse-
3914 1809 3923 1816 ·

1078 1902 1342 2010 quiosi
1371 1902 1725 2004 fuerant,
1774 1897 2312 2006 descendisse,
2356 1906 2544 1986 illuc
2580 1923 2843 1987 tutum
2865 1906 3288 2014 refugium
3323 1902 3666 1990 credidit
3696 1934 3875 2015 per-

1077 2039 1586 2149 quirendum.
1632 2042 1759 2122 Ad
1807 2046 1960 2123 iter
2006 2047 2251 2153 igitur
2298 2073 2382 2124 se
2425 2046 2847 2152 accingens
2891 2061 2972 2141 et
3014 2073 3108 2124 ex
3150 2045 3467 2125 marino
3502 2045 3871 2124 viciniori

1076 2174 1347 2257 littore
1391 2181 1479 2257 in
1523 2208 1810 2282 ¹navem
1862 2183 2352 2262 institoriam
2391 2199 2738 2280 evectuS,
2784 2180 2976 2261 inde
3008 2184 3401 2262 reiteratis
3430 2182 3734 2262 vicibus
3767 2181 3871 2261 ab

1074 2316 1525 2424 impetuoso
1563 2337 1988 2399 ventorum
2015 2321 2342 2400 turbine
2373 2322 2750 2400 concitati
2783 2320 3069 2401 fluctus
3103 2321 3449 2401 excelsos
3483 2320 3871 2401 tolluntur

1077 2453 1163 2530 in
1215 2472 1571 2553 montes,
1623 2484 1838 2534 nunc
1884 2458 2121 2568 pupis
2173 2458 2469 2565 agitata
2524 2458 2767 2534 maris
2826 2457 3118 2536 ictibus
3174 2458 3626 2566 periculosa
3673 2458 3874 2565 petit

1075 2618 1258 2697 yma
1285 2590 1712 2700 profundi,
1743 2620 1958 2672 nunc
1980 2591 2381 2672 undarum
2413 2591 2983 2672 inflacionibus
3013 2593 3351 2692 elevata3
3387 2613 3872 2700 rumpuntur

1076 2726 1340 2825 fu'neS,
1367 2729 1841 2810 sternuntur
1878 2748 2261 2829 antenne,
2308 2748 2889 2842 nautarumque
2914 2728 3221 2841 judicio
3253 2732 3503 2812 eciam
3530 2729 3870 2839 fugitivo

1077 2864 1388 2945 celestia
1441 2866 1945 2975 naufragium
2000 2868 2541 2948 minabantur.
2601 2866 2759 2948 Sed
2817 2869 2965 2947 Dei
3024 2871 3289 2976 gracia
3344 2885 3470 2947 tot
3529 2866 3869 2976 impedi-

1079 3004 1372 3082 mentis
1430 3006 1820 3112 superatis
1850 3069 1868 3105 ,
1938 3034 2081 3116 per
2124 3007 2623 3116 Hyspaniam
2684 3007 3081 3086 transiens
3113 3066 3134 3105 ,
3198 3035 3339 3087 rex
3396 3006 3870 3115 magnificus

1076 3139 1478 3221 Johannes
1537 3145 1800 3252 ipsum
1860 3146 2070 3224 comi
2126 3144 2398 3224 fronte
2452 3161 2913 3252 exceptum,
2977 3140 3587 3254 benignissimo
3620 3145 3871 3227 affatu

1078 3279 1611 3380 consolatum,
1643 3282 1896 3362 multo
1936 3299 2299 3391 tempore
2328 3282 2602 3362 refecit
2632 3281 3081 3391 dapsiliter;
3120 3283 3634 3363 uberioribus
3675 3312 3870 3395 quo-

1077 3444 1256 3527 que
1286 3415 1651 3498 dotatum
1703 3404 2172 3511 muneribus
2220 3449 2402 3500 eum
2456 3421 2747 3500 mitens
2798 3422 2886 3499 in
2938 3420 3414 3519 Franciam,
3466 3439 3557 3500 ut
3616 3450 3662 3499 a
3711 3419 3868 3501 fide

1078 3550 1345 3662 dignis
1376 3553 1792 3657 didicerat,
1823 3555 1924 3637 de
1947 3559 2136 3657 vita,
2170 3558 2560 3657 moribus,
2593 3557 2851 3669 deque
2875 3560 3188 3666 'generis
3214 3556 3579 3637 claritate
3602 3585 3865 3667 regem

1021 3702 1030 3713 '
1077 3688 1468 3771 Karolum
1497 3691 1852 3774 reddidit
1880 3688 2360 3837 doctiorem,
2387 3693 2489 3774 ad
2518 3695 2992 3804 ampliorem
3020 3696 3191 3806 ejus
3216 3696 3563 3802 graciam
3594 3676 3897 3774 conse-⁹

1076 3828 1502 3938 quendam.

1190 3967 1575 4074 Apicibus
1615 3972 1851 4080 reg-iis
1902 3969 2169 4052 dulces
2213 4001 2313 4053 ex
2345 3990 2540 4054 tunc
2585 4001 2815 4053 aures
2850 3967 3496 4068 accommodam,
3537 3969 3867 4078 peticio-

1078 4129 1261 4182 nem
1302 4106 1820 4212 precordialis
1861 4112 2095 4190 amici
2141 4098 2477 4222 sibique
2505 4109 2772 4191 federe
2811 4107 3352 4190 indissolubili
3393 4109 3653 4218 jun'cti
3695 4135 3861 4185 non

1076 4237 1428 4321 abnuere
1461 4241 1842 4344 decrevit3
1884 4245 2022 4326 sed
2054 4247 2473 4327 attendens
2498 4245 2600 4326 ad
2623 4276 2761 4327 sue
2785 4247 3038 4356 glorie
3076 4248 3659 4325 incrementum
3697 4272 3864 4323 eve-

1073 4380 1288 4480 nire,
1332 4379 1553 4491 quod
1587 4400 1854 4464 tantus
1884 4386 2258 4496 princeps
2292 4384 2393 4467 de
2422 4404 2588 4465 tam
2614 4382 3081 4496 longinquis
3118 4385 3483 4498 partibus
3527 4409 3860 4490 regnum

1074 4515 1533 4625 ingrediens
1577 4539 1777 4600 esset
1796 4583 1817 4621 ,
1860 4522 2076 4631 quod
2124 4524 2323 4604 nulli
2360 4521 3013 4632 predecessorum
3046 4553 3377 4605 suorum
3417 4517 3812 4602 acciderat
3840 4581 3857 4614 ,

1074 4651 1627 4736 advenientem
1650 4658 2073 4768 multiplici
2103 4657 2545 4771 disponens
2572 4661 2891 4742 honore
2905 4663 3352 4771 prevenire,
3380 4657 3859 4763 insigniores

1071 4788 1464 4897 palatinos
1512 4822 1690 4875 cum
1744 4799 2093 4895 maximo
2146 4796 2563 4879 curialium
2615 4827 2951 4878 numero
2996 4797 3214 4877 misit
3241 4856 3261 4893 ,
3310 4794 3448 4904 qui
3494 4784 3861 4870 eumdem
