4666 6014
1035 677 1180 753 296
1504 679 2190 760 CHRONIGORUM
2240 685 2599 761 KAROLI
2650 683 2939 759 SEXTI
2984 685 3162 761 LIB.
3214 683 3375 761 lv.

1031 836 1295 915 fuerat
1345 836 1701 945 ymagini
1754 840 2009 918 sancti
2042 831 2376 922 Joannis
2427 839 2818 951 Raptim,
2874 855 2968 919 ut
3014 837 3212 919 illud
3262 840 3351 920 in
3401 865 3646 921 manu
3693 868 3834 922 sua

1031 990 1381 1072 teneret,
1425 1001 1670 1082 super
1697 974 1946 1056 altare
1981 975 2500 1076 ascendisset,
2534 978 2834 1058 mirum
2869 973 3128 1075 dictu,
3172 993 3502 1086 repente
3538 1005 3832 1086 ymago

1033 1109 1246 1191 dicta
1296 1112 1580 1193 faciem
1622 1112 1725 1194 ad
1778 1116 2169 1225 parietem
2215 1118 2645 1214 convertit,
2704 1134 2785 1197 et
2826 1112 3287 1196 videntibus
3336 1116 3641 1196 cunctis
3692 1119 3833 1227 qui
3946 1177 3952 1183 .

1033 1249 1413 1350 aderant,
1479 1270 1848 1362 arreptus
1901 1283 1948 1334 a
2005 1251 2431 1354 demonio,
2482 1256 2830 1336 clamans
2885 1239 2965 1335 et
3023 1282 3441 1363 spumans»,
3500 1282 3831 1365 preceps

1034 1390 1343 1467 corruit
1385 1392 1471 1468 in
1516 1392 2100 1500 pavimentum,
2142 1410 2225 1473 et
2264 1392 2517 1478 stacta
2560 1395 2869 1476 cervice
2912 1392 3327 1503 expiravit.
3378 1390 3510 1472 Sic
3557 1395 3836 1506 nequi-

1037 1528 1346 1606 ciarum
1386 1556 1710 1609 suarum
1754 1531 2080 1636 semina·
2102 1530 2339 1611 simul
2383 1550 2465 1613 et
2498 1530 2808 1613 fructus
2848 1532 3280 1641 impietatis
3326 1529 3831 1640 recolligens,

1032 1667 1204 1744 Deo
1230 1665 1733 1775 sacrilegium
1754 1665 2250 1768 vindicante,
2271 1669 2413 1780 qui
2444 1670 2755 1778 primus
2778 1667 3183 1778 exemplar
3210 1668 3603 1778 sacrilegii
3632 1669 3834 1750 exti-

1032 1820 1239 1882 terat
1266 1866 1285 1902 ,
1334 1803 1894 1886 miserabiliter
1931 1803 2310 1886 obeundo
2333 1868 2354 1905 ,
2405 1804 2924 1916 postmodum
2968 1803 3430 1898 devocionis
3475 1833 3567 1885 ac
3603 1804 3837 1914 largi-

1033 1941 1288 2020 cionis
1313 1941 1583 2022 multis
1616 1943 2114 2024 occasionem
2160 1940 2409 2024 dedit.
2448 1943 2688 2041 Nam,
2722 1941 3133 2052 divulgato
3155 1942 3577 2042 miraculo,
3603 1960 3837 2055 quot-

1029 2098 1233 2189 quot
1298 2081 1382 2158 in
1454 2082 1807 2163 exercitu
1867 2082 2198 2163 fuerunt
2250 2081 2546 2162 milites
2607 2098 2687 2162 et
2746 2081 3161 2191 armigeri,
3217 2080 3672 2161 oblaciones
3729 2079 3831 2160 ad

1028 2217 1431 2297 ecclesiam
1478 2217 1691 2299 illam
1731 2219 2093 2301 tulerunt
2120 2237 2258 2300 aut
2284 2220 2937 2318 transmiserunt3
2990 2215 3289 2332 quibus
3333 2216 3655 2299 ecclesia
3699 2217 3828 2299 illa

1027 2352 1183 2434 fuit
1214 2356 1691 2439 mirabiliter
1732 2355 2009 2440 ditata.

1144 2497 1313 2576 Rex
1355 2525 1579 2597 vero,
1620 2499 1734 2578 sic
1771 2498 1956 2578 villa
1992 2516 2262 2606 capta,
2311 2527 2496 2608 cum
2537 2499 2745 2578 hanc
2790 2496 3128 2582 castellis
3176 2496 3834 2610 propugnaculis-

1029 2661 1185 2743 que
1240 2633 1523 2742 ligneis
1582 2664 1675 2717 ac
1723 2635 2155 2717 sufficienti
2209 2653 2699 2716 armatorum
2749 2632 3107 2745 presidio
3158 2635 3553 2717 munitam
3596 2635 3835 2714 relin-

1030 2774 1365 2884 quisset,
1411 2773 1772 2856 Parisius.
1796 2774 2392 2884 hybernaturus
2431 2771 2673 2855 rediit
2690 2836 2710 2873 ,
2754 2775 2842 2854 in
2874 2774 3259 2888 brevique
3305 2789 3683 2882 expertus
3712 2790 3833 2853 est

1029 2909 1249 3023 quod
1314 2909 1716 3025 quidquid
1775 2912 1942 2995 dux
1992 2914 2347 2996 Britanie
2406 2915 2884 3028 proloqutus
2940 2914 3200 2995 suerat
3253 2911 3474 2993 fraus
3535 2932 3707 2994 erat
3750 2930 3832 2992 et

1029 3052 1640 3134 circumvencio.
1679 3051 2134 3165 Aliquantis
2177 3080 2525 3166 namque
2558 3050 2842 3133 diebus
2886 3081 3067 3133 cum
3105 3051 3474 3133 hostibus
3516 3068 3831 3160 tempus

1030 3191 1117 3266 in
1155 3217 1494 3269 vacuum
1528 3207 1830 3291 terenS,
1877 3191 2125 3272 multa
2159 3193 2402 3273 verba
2445 3193 2966 3272 secretissima
3012 3190 3299 3273 habuit
3337 3219 3578 3301 super
3619 3218 3831 3270 com-

1029 3326 1408 3434 ponenda
1466 3357 1704 3438 pace3
1758 3357 2002 3442 quam
2055 3347 2360 3427 tamen,
2417 3347 2510 3410 ut
2570 3329 3079 3439 promiserat,
3143 3331 3474 3408 minime
3530 3325 3827 3408 solida-

1032 3469 1164 3544 vit.
1211 3466 1422 3547 Ymo
1464 3469 1758 3550 mensis
1802 3469 2281 3577 septembris
2325 3466 2800 3549 duodecima
2840 3465 2973 3549 die
3020 3465 3124 3547 ad
3169 3494 3440 3577 regem
3483 3463 3823 3563 rediens,

1028 3604 1184 3693 hoc
1242 3605 1503 3685 solum
1570 3606 1844 3686 retulit
1911 3604 2136 3718 quod
2203 3606 2358 3686 hoc
2428 3634 2699 3687 mense
2759 3603 3135 3686 dominus
3191 3603 3596 3685 Johannes
3660 3600 3826 3682 dux

1027 3742 1486 3822 Lencastrie
1506 3805 1530 3840 ,
1569 3745 1776 3852 regis
1806 3742 2095 3853 Anglie
2133 3743 2566 3825 avunculus
2584 3805 2604 3842 ,
2649 3745 2736 3823 in
2769 3740 2835 3822 F
2837 3743 3188 3823 ranciam
3236 3738 3823 3835 transfretaret,

1030 3874 1129 3955 de
1190 3906 1385 3986 pace
1405 3941 1426 3976 ,
1491 3880 1557 3959 si
1613 3879 1997 3988 possibile
2047 3899 2286 3979 esset,
2342 3898 2853 3961 tractaturus.
2916 3880 3099 3959 Dux
3154 3893 3416 3957 autem
3466 3877 3827 3956 senciens

1028 4014 1282 4124 quod·
1323 4018 1513 4096 satis
1577 4017 1897 4100 favisset
1955 4019 2312 4129 Anglicis
2337 4081 2356 4119 ,
2420 4046 2602 4099 cum
2667 4043 2803 4098 eos
2873 4013 2974 4095 de
3032 4041 3346 4097 summo
3404 4015 3824 4124 eripuisset

1030 4149 1493 4234 discrimine
1515 4218 1533 4254 ,
1589 4158 1677 4236 in
1736 4156 2177 4240 Britaniam
2237 4155 2519 4255 rediit,
2584 4155 2753 4264 regi
2811 4154 3148 4234 Francie
3191 4149 3604 4234 valedicto.
