4666 6014
1131 637 1274 715 536
1565 635 2271 728 -GHRONICORUM
2315 637 2676 714 KAROLI
2725 634 3012 714 sEx'n
3061 635 3247 718 Lm.
3291 636 3461 720 IX.'

1127 788 1496 874 incendia
1536 811 1933 872 cessarent
1952 856 1970 891 ,
2013 809 2094 872 et
2119 792 2397 874 'eidem
2445 821 2531 874 se
2573 785 3004 876 excusandi
3051 789 3622 876 concederetur
3668 793 3911 876 facul-

1123 944 1267 1006 tas.
1312 926 2024 1037 Archiepiscopum
2071 959 2211 1009 rex
2259 931 2611 1039 benigne
2658 929 3134 1038 suscipiens,
3190 946 3271 1007 et
3310 900 3490 1007 miti
3529 933 3907 1012 oracione

1123 1080 1693 1175 prosequutuS,
1763 1096 1943 1146 cum
2010 1067 2402 1150 modestia
2467 1068 2752 1148 annuit
2816 1066 3037 1182 quod
3102 1067 3521 1177 poscebat3
3591 1089 3670 1149 et
3708 1098 3909 1180 ,cum

1121 1199 1400 1282 eadem
1435 1203 1727 1281 virtute
1781 1232 2032 1316 usque
2083 1203 2184 1284 ad
2235 1203 2447 1285 diem
2502 1223 2962 1314 sequentem
3017 1205 3389 1284 comitem
3434 1210 3899 1315 expectavit.

1118 1339 1380 1442 Quem
1412 1367 1594 1422 cum
1634 1343 1802 1450 regi
1842 1342 2489 1451 archiepiscopus
2532 1342 2987 1442 obtulisset,
3025 1370 3213 1424 mox
3252 1340 3520 1424 defixo
3568 1373 3777 1452 genu
3821 1346 3905 1432 in

1125 1495 1450 1576 terram,
1487 1507 1570 1558 se
1604 1480 2001 1560 excusavit
2031 1479 2443 1562 humiliter
2483 1499 2563 1559 et
2602 1482 2689 1562 in
2724 1473 3180 1560 substancia
3218 1479 3371 1560 sub
3403 1481 3558 1566 hiis
3583 1482 3848 1562 verbis
3883 1513 3901 1560 ε

1236 1648 1275 1687 (ι
1311 1614 1585 1723 Regali
1634 1595 2235 1724 'magnificencie
2294 1616 2576 1700 humili
2640 1607 3432 1698 recomendacione
3481 1619 3899 1725 premissa,

1121 1781 1158 1821 α
1200 1748 1426 1829 miles
1462 1768 1541 1830 et
1578 1751 1979 1851 subdituS,
2022 1752 2689 1832 intollerabilibus
2721 1751 3092 1860 dampnis
3122 1771 3588 1860 aggravatus
3610 1815 3629 1852 ‚
3673 1753 3907 1835 affert

1120 1918 1158 1957 ε(
1197 1886 1755 1999 obsequiosum
1807 1893 2257 1991 servicium,
2319 1919 2558 1972 orans
2605 1890 3068 2000 suppliciter
3123 1918 3224 1969 ne
3261 1887 3597 1998 amplius
3652 1894 3738 1970 in
3780 1920 3907 1971 res

1123 2049 1161 2094 <c
1203 2050 1383 2102 suas
1441 2026 1560 2104 vel
1626 2028 1990 2110 homines
2050 2029 2431 2126 seviatur-3
2494 2057 2640 2107 nec
2703 2007 3194 2135 indignetur,
3256 2027 3323 2106 si
3380 2029 3903 2137 querimoniis
3972 2075 3979 2080 ,

1122 2186 1160 2226 (ί
1203 2162 1479 2265 addat,
1535 2168 1721 2278 quia
1780 2166 1992 2246 nulla
2056 2169 2364 2247 occasio
2427 2194 2573 2245 nec
2629 2165 2924 2275 injuria
2974 2166 3375 2272 precessit.
3450 2163 3694 2262 Nam,
3734 2165 3904 2243 nisi

1120 2350 1158 2390 <t
1197 2312 1394 2395 fides
1461 2308 1786 2390 emerita
1854 2304 2157 2396 meritis
2213 2300 2585 2382 laudibus
2644 2299 3217 2398 deffraudetur,
3280 2319 3371 2380 ut
3427 2301 3530 2380 ab
3578 2303 3905 2382 ineunte

1120 2486 1158 2527 α
1197 2452 1610 2561 juventute
1664 2467 2000 2552 regnum
2046 2456 2398 2522 vestrum
2451 2437 2861 2518 zelaverim
2881 2499 2901 2534 ,
2959 2466 3373 2548 nunquam
3438 2436 3903 2551 adversariis

1122 2623 1160 2662 α
1199 2581 1372 2696 ejus
1394 2584 1698 2677 favens,
1736 2577 1877 2660 sed
1911 2579 1994 2657 in
2021 2603 2158 2655 eos
2187 2603 2341 2683 pro
2371 2574 2677 2658 viribus
2705 2570 3116 2692 decertans
3147 2567 3539 2653 reiteratis
3568 2575 3902 2674 vicibus,

1121 2759 1157 2799 <c
1196 2722 1347 2810 sub
1381 2717 1688 2802 vexillis
1703 2704 2323 2823 progenitorum
2363 2729 2807 2789 vestrorum
2825 2769 2845 2807 ,
2875 2736 3022 2788 avo
3064 2710 3438 2817 precipue
3463 2726 3544 2787 et
3572 2738 3900 2816 proava,

1121 2895 1158 2933 «
1200 2885 1472 2965 regum
1532 2879 1852 2933 cursum
1899 2848 2188 2928 milicie
2218 2874 2389 2926 mee
2420 2845 2762 2925 fideliter
2806 2845 3395 2969 terminaverim
3414 2906 3433 2942 ,
3478 2846 3565 2924 in
3624 2871 3900 2925 eorum

1122 3033 1158 3071 «
1196 2991 1618 3077 annalibus
1645 2985 2053 3097 reperietis
2078 2985 2486 3064 insertum.
2508 2984 2612 3062 Et
2642 2984 2998 3096 quamvis
3021 2980 3122 3061 ad
3151 2982 3439 3063 similia
3465 2982 3901 3063 exercenda

1122 3169 1158 3206 «
1200 3128 1443 3210 michi
1469 3128 1627 3235 jam
1670 3120 2030 3205 confecto
2076 3122 2299 3201 senio
2340 3122 2545 3199 vires
2586 3147 2754 3199 non
2804 3137 3231 3227 suppetant
3265 3120 3717 3230 corporales
3738 3182 3757 3219 ‚
3801 3120 3901 3201 ad

1120 3304 1157 3342 <c
1199 3284 1548 3347 mentem
1573 3262 1837 3369 tamen
1870 3257 2252 3338 reducens
2298 3284 2532 3368 quam
2575 3286 2818 3336 manu
2835 3255 3175 3365 prodiga
3205 3287 3332 3339 me
3353 3259 3617 3368 sepius
3646 3260 3901 3340 remu-

1121 3439 1157 3477 «
1200 3418 1679 3485 neraverunt
1704 3395 2166 3505 indignum,
2209 3397 2617 3505 incurrere
2651 3394 2928 3474 nolens
2958 3395 3565 3504 ingratitudinis
3596 3414 3900 3493 notam,

1122 3576 1160 3617 <c
1199 3569 1366 3640 me,
1415 3565 1752 3621 uxorem
1793 3563 1967 3616 cum
2024 3532 2359 3640 parvulo
2418 3550 2499 3613 et
2544 3529 2941 3644 quidquid
3000 3533 3085 3615 in
3124 3529 3431 3612 mundo
3482 3530 3854 3643 possideo
3876 3595 3895 3630 ,

1065 3744 1072 3748 .
1118 3713 1158 3753 ‹<
1198 3680 1411 3785 regie
1492 3671 1961 3756 sublimitati
2040 3670 2392 3755 submi-to
2417 3731 2437 3765 ,
2518 3667 2778 3750 eidem
2855 3667 3317 3751 fidelitatem
3379 3669 3653 3777 ligiam
3726 3698 3896 3751 ma·

1119 3850 1156 3888 «
1195 3813 1538 3894 nualiter
1568 3811 2085 3918 promittens3
2127 3804 2346 3917 quod
2387 3833 2627 3886 nemo
2654 3808 3101 3885 vivencium
3145 3806 3337 3885 alias
3374 3834 3416 3884 a
3452 3834 3578 3884 me
3605 3810 3891 3915 exegit.

1121 3986 1157 4024 <c
1201 3952 1305 4029 Et
1386 3951 1573 4060 quia
1595 4009 1613 4045 ‚
1682 3944 2326 4039 excellentissime
2392 3946 2766 4060 princeps
2786 4005 2804 4040 ,
2881 3970 3161 4023 rumor
3230 3942 3599 4050 publicus
3677 3970 3895 4023 nunc

1121 4122 1158 4160 «
1189 4084 1477 4165 'reffert
1531 4083 2148 4192 primogenitum
2216 4108 2478 4159 meum
2528 4077 2810 4160 ducem
2831 4142 2849 4178 ,
2912 4082 3376 4191 iniquorum
3446 4083 3893 4188 persuasio-

1117 4258 1155 4297 «
1197 4223 1437 4303 nibus
1490 4212 1950 4329 impulsum,
2012 4216 2238 4298 vobis
2298 4213 2796 4296 diffidencias
2859 4218 3197 4312 misisse,
3253 4214 3413 4319 hoc
3464 4242 3591 4297 me
3641 4216 3892 4298 inscio

1117 4396 1154 4434 «
1195 4366 1603 4468 peractum
1637 4355 1950 4437 affirmo
1979 4354 2129 4435 sub
2160 4352 2537 4435 fidelitate
2576 4355 2990 4463 promissa.
3041 4354 3143 4432 Et
3187 4383 3367 4435 cum
3394 4355 3555 4453 sim
3589 4352 3690 4435 ab
3722 4356 3888 4465 ejus

1117 4532 1154 4570 α
1196 4496 1548 4579 consiliis
1596 4494 1930 4590 alienus,
1975 4472 2207 4574 tante
2257 4493 2730 4573 temeritatis
2775 4488 3185 4573 audaciam
3227 4489 3562 4607 dignum
3604 4518 3888 4573 censeo

1111 4668 1148 4707 α
1191 4630 1818 4741 reprobandam3
1839 4649 2082 4739 utque
2113 4629 2321 4731 dicta
2351 4631 2803 4738 suspicione
2818 4647 3165 4729 careant,
3191 4629 3890 4738 temptaboipsum

1113 4806 1150 4843 α
1190 4772 1454 4851 verbis
1493 4768 1808 4850 lenibus
1838 4770 2278 4851 immutare.
2313 4769 2416 4848 Et
2440 4769 2506 4849 si
2548 4784 2891 4878 nequeat
2925 4796 3067 4847 cor
3102 4766 3270 4874 ejus
3298 4794 3619 4851 saxeum
3652 4765 3891 4847 emol-
