4666 6014
1162 661 1308 735 682
1615 654 2302 730 CHRONICORUM
2350 653 2705 730 KARou
2756 649 3041 729 OEXTI
3092 652 3273 728 Lm.
3322 652 3463 726 XI.

1160 805 1405 909 Quod
1436 804 1724 885 Gallici
1753 823 1914 884 tres
1958 803 2293 912 predicti
2338 823 2503 885 tam
2532 802 3040 884 laudabiliter
3079 821 3595 912 peregerunt,
3640 821 3733 883 ut
3770 833 3951 885 cum

1162 962 1624 1056 quereretur
1662 971 1707 1021 a
1740 972 1766 1050 J
1778 940 2144 1023 udicibus
2185 943 2453 1023 electis
2489 945 2667 1054 quis
2701 971 2981 1022 eorum
3022 941 3296 1022 melius
3329 969 3497 1021 rem
3544 942 3944 1051 gessisset,

1161 1111 1435 1163 omnes
1486 1081 1995 1162 uniformiter
2042 1080 2598 1180 laudaverunt,
2655 1079 3554 1190 comparacionibusque
3606 1109 3776 1160 non
3824 1083 3948 1160 usi

1160 1219 1659 1329 questionem
1699 1217 2222 1299 indiscussam
2261 1219 2839 1327 relinquerunt.

1275 1358 1590 1436 Exactis
1646 1384 1838 1464 ergo
1904 1355 2184 1436 diebus
2252 1356 2738 1437 solemnitati
2806 1354 3136 1452 deditis,
3196 1373 3418 1435 tanta
3477 1356 3950 1436 liberalitate

1164 1491 1451 1571 Gallici
1495 1520 1678 1571 cum
1716 1496 1878 1572 suis
1931 1493 2438 1573 invasoribus
2481 1494 2600 1572 usi
2654 1510 2880 1590 sunt,
2934 1491 3155 1603 quod
3207 1520 3376 1572 non
3430 1493 3690 1572 solum
3729 1521 3954 1572 arma⁴

1162 1657 1317 1739 que
1357 1648 1807 1710 meruerant
1837 1658 1992 1739 pro
2035 1631 2372 1710 victoria
2421 1632 2941 1710 restituerunt
2978 1648 3058 1709 et
3085 1658 3374 1741 equos,
3415 1628 3555 1709 sed
3590 1629 3906 1710 eosdem
3928 1692 3946 1726 ‚

1164 1764 1506 1849 dicendo
1566 1767 1742 1848 vale
1809 1766 2393 1867 dulcissimum,
2453 1767 2853 1876 jocalibus
2906 1785 2987 1847 et
3048 1766 3285 1848 donis
3353 1766 3950 1852 cumulavemnt

1161 1904 1698 1984 uberioribus,
2868 1884 2873 1888 .
3896 1997 3903 2004 ‚

1275 2041 1377 2119 Et
1424 2039 1580 2120 hiis
1626 2039 1950 2153 quidem
1991 2061 2255 2139 extra,
2298 2042 2479 2141 sed,
2526 2061 2615 2122 ut
2653 2042 3034 2142 arbitror,
3086 2071 3255 2122 non
3299 2061 3583 2122 contra
3619 2044 3900 2121 seriem
3924 2103 3944 2138 ,

1163 2203 1313 2284 pro
1354 2173 1885 2257 delectacione
1927 2178 2244 2259 lectoris
2287 2179 2820 2288 interpositiS,
2864 2178 2968 2258 ad
3008 2179 3161 2259 alia
3193 2208 3349 2292 que
3379 2180 3947 2287 contingerunt

1163 2314 1316 2392 isto
1358 2340 1609 2412 ann0,
1653 2314 1921 2400 stilum
1961 2334 2210 2398 verto.

2153 2583 2834 2662 CAPITULUM
2882 2585 2978 2665 V.

1894 2792 1982 2850 De
2011 2791 2489 2852 intoxicatoribus
2520 2791 2777 2853 soncium
2813 2807 2872 2853 et
2897 2805 3222 2873 puteorum.

1277 2993 1832 3105 Excogitatum
1880 2998 2189 3079 facinus
2246 3000 2333 3079 in
2386 2999 2827 3109 regnicolas
2870 3000 3283 3090 universos
3332 2995 3637 3079 addens
3672 2997 3943 3106 hysto-

1161 3136 1310 3234 rie,
1351 3163 1625 3215 mense
1654 3136 1883 3247 jullio
1913 3136 1996 3216 in
2030 3139 2395 3245 partibus
2434 3137 3065 3219 carnotensibus
3102 3137 3362 3217 fontes
3390 3155 3471 3216 et
3510 3154 3791 3245 puteos
3816 3139 3942 3215 in-

1161 3275 1551 3353 toxicatos
1576 3301 1882 3355 veneno
1916 3303 2191 3354 rumor
2220 3275 2588 3382 publicus
2633 3274 3056 3355 refferebat
3076 3336 3095 3371 ,
3126 3248 3215 3353 ac
3251 3276 3334 3354 in
3370 3273 3592 3353 brevi
3616 3274 3943 3385 reliquis

1163 3413 1390 3517 regni
1439 3410 1801 3518 partibus
1852 3410 2411 3493 intoxicandos
2444 3442 2597 3523 ope
2634 3409 3165 3522 quorumdam
3218 3408 3945 3521 contemptibilium

1163 3549 1520 3626 virorum
1549 3608 1568 3643 ,
1644 3548 1787 3655 qui
1846 3545 2248 3627 cotidiana
2318 3551 2594 3659 inopia
2667 3551 2918 3659 pressi
2991 3548 3402 3627 hostiatim
3476 3546 3943 3626 elemosinas

1160 3682 1625 3796 querebant.
1684 3684 2111 3794 Inopinata
2155 3714 2238 3771 re
2294 3687 2581 3769 merito
2627 3686 3075 3793 perturbati
3123 3685 3361 3769 multi
3393 3686 3939 3792 circumspecti

1161 3824 1314 3905 viri
1343 3823 1600 3905 veraci
1628 3821 2019 3905 relacione
2049 3840 2603 3930 cognoverunt
2625 3821 2843 3934 quod
2878 3824 3036 3920 isti,
3072 3822 3258 3907 viles
3288 3821 3573 3905 babitu
3601 3838 3681 3903 et
3708 3821 3936 3901 vilio-

1162 3987 1296 4039 res
1315 3960 1624 4056 animo,
1654 3955 1758 4039 ad
1782 3975 2212 4066 egestatem·
2235 3957 2621 4038 odibilem
2646 3959 3183 4068 repellandam
3202 4021 3223 4055 ,
3268 3976 3358 4038 ut
3401 3986 3587 4067 sepe
3609 3958 3934 4037 contin—-

1163 4100 1280 4205 git
1300 4158 1319 4193 ,
1357 4123 1502 4204 spe
1538 4097 2164 4203 promissionum
2212 4094 2506 4193 allecti,
2569 4124 2715 4176 nec
2753 4095 3249 4176 attendentes
3297 4094 3517 4205 quod
3564 4096 3774 4175 nulla
3818 4112 3934 4174 est

1159 4232 1478 4343 turpior
1537 4231 1903 4342 prodicio
1964 4260 2200 4341 quam
2262 4234 2389 4314 cui
2445 4232 2779 4313 avaricia
2825 4253 2903 4314 et
2953 4231 3347 4340 cupiditas
3404 4260 3710 4311 causam
3754 4230 3930 4329 dat,

1156 4370 1763 4480 spoponderant
1807 4368 2547 4477 nephandissimum
2599 4370 2847 4452 scelus
2890 4373 3359 4480 exequcioni
3424 4366 3923 4448 demandare.

1159 4511 1253 4587 In
1299 4507 1746 4621 panniculis
1788 4506 2020 4587 lineis
2059 4526 2138 4587 et
2182 4511 2445 4619 parvis
2483 4506 2899 4616 pixidibus
2934 4535 3324 4587 venenum
3370 4505 3932 4617 pulverisatum

1156 4645 1633 4727 defferentes
1657 4706 1675 4743 ,
1708 4643 2185 4755 projiciendi
2223 4647 2850 4753 oportunitatem
2880 4642 3397 4757 queritando,
3434 4672 3676 4752 aquas
3712 4663 3932 4752 pota—

1158 4784 1354 4865 biles
1414 4810 1690 4867 omnes
1749 4782 2199 4867 mortiferas
2257 4779 2590 4863 reddere
2640 4782 3128 4889 satagebant.
3190 4779 3343 4862 Sed
3403 4785 3597 4889 quja
3651 4780 3929 4867 domos
