4666 6014
1102 708 1246 782 462
1555 702 2242 778 CHRONICORUM
2291 703 2648 779 KAROLI
2697 705 2982 782 SEXTI
3031 707 3208 781 LIB.
3262 708 3422 784 VII.

1917 1007 1924 1016 ·
2062 982 2755 1065 CAPITULUM.
2810 983 2961 1064 xl.
3056 953 3063 958 ’

1485 1192 1582 1284 De
1614 1193 1805 1258 duello
1832 1194 2054 1258 domini
2103 1194 2382 1262 ‚lobannis
2413 1157 2727 1278 Carmuge't
2752 1208 2953 1257 contra
2980 1195 3258 1258 Jacobum
3280 1196 3338 1257 le
3367 1145 3517 1257 (ἱεὶς.

1210 1400 1477 1502 Quam
1516 1401 2145 1518 reprehensibile
2189 1402 2327 1500 sit,
2382 1429 2608 1486 more
2642 1400 3061 1491 frondium
3097 1404 3706 1515 quibuscunque
3750 1403 3885 1510 fla-

1094 1540 1312 1620 tibus
1345 1537 1843 1638 flexibilium,
1883 1533 2212 1622 incertis
2244 1541 2485 1621 cicius
2520 1538 2883 1622 auditum
2912 1537 3512 1623 accommodare
3534 1604 3555 1640 ,
3581 1560 3674 1624 ut
3698 1541 3887 1625 inde

1093 1679 1276 1789 quis
1307 1673 1875 1785 progrediatur
1905 1674 2009 1757 ad
2039 1676 2483 1758 vindictam
2502 1739 2522 1777 ,
2572 1679 3135 1760 monomachia
3161 1677 3472 1760 domini
3496 1680 3541 1758 J
3543 1682 3885 1764 ohannis

1094 1814 1537 1923 Carrouget
1587 1816 1677 1893 in
1711 1814 2104 1896 Jacobum
2158 1814 2467 1898 dictum
2516 1814 2591 1895 le
2636 1816 2827 1897 Gris
2876 1818 3303 1898 commissa
3350 1818 3463 1899 ob
3507 1819 3879 1900 violatam

1093 1979 1422 2032 uxorem
1468 1957 1811 2063 posteris
1851 1952 2167 2034 tradere
2191 1971 2462 2064 potest
2494 1951 2820 2034 evidens
2856 1973 3439 2063 argumentum.

1204 2089 1432 2169 Multi
1501 2092 1724 2170 enim
1783 2089 2343 2202 prodicionem
2409 2092 2772 2202 iniquam
2826 2108 3330 2200 agravantes,
3392 2119 3578 2174 cum
3638 2095 3876 2183 ambo

1090 2255 1187 2307 ex
1252 2228 1323 2305 N
1333 2228 1692 2308 ormania
1745 2227 2113 2327 oriundi,
2171 2231 2266 2332 in,
2307 2229 2531 2309 curia
2589 2227 2905 2308 comitis
2961 2226 3061 2308 de
3108 2229 3550 2309 Alenconio
3601 2232 3876 2311 minis-

1084 2380 1388 2446 trantes
1449 2384 1528 2445 et
1576 2394 1623 2446 a
1664 2367 2081 2477 juventute
2134 2366 2547 2477 hucusque
2599 2367 2995 2446 artissima
3048 2368 3405 2458 amicicia
3447 2369 3710 2479 juncti
3763 2396 3877 2447 es·-

1081 2522 1259 2584 sent
1282 2567 1302 2596 ‚
1349 2504 1734 2584 Jacobum
1753 2506 2086 2612 'victum¹
2105 2505 2320 2614 juste
2364 2499 2883 2583 subcubuisse
2926 2504 3429 2604 astruebant,
3469 2502 3878 2614 ,pudicicie

1081 2645 1362 2722 amisse
1453 2623 1995 2751 compaciente
2010 2671 2050 2726 s
2124 2638 2496 2744 domine,
2566 2642 2723 2721 nisi
2792 2639 3313 2750 postmodum
3392 2644 3877 2758 constitisset

1081 2779 1513 2894 quemdam
1579 2780 1922 2861 alterum
1975 2781 2469 2888 armigerum
2535 2797 2890 2862 actorem
2964 2780 3279 2862 sceleris
3342 2783 3719 2862 extitisse.
3790 2783 3872 2861 Is

1090 2917 1461 3027 proditor
1501 2921 1587 2997 in
1628 2918 1997 2998 absencia
2036 2918 2305 2997 mariti
2350 2915 2506 2998 sub
2548 2913 2736 2998 ficto
2778 2919 3110 2999 nomine
3154 2919 3393 2998 amici
3438 2919 3689 3000 scelus
3725 2949 3868 2999 ne-

1087 3053 1721 3165 phandissimum
1760 3082 2121 3163 agressus
2149 3117 2168 3153 ,
2213 3072 2546 3163 cogente
2589 3055 2864 3166 inique
2913 3051 3278 3135 libidinis
3323 3053 3674 3154 flamma,
3722 3054 3868 3136 do-

1089 3221 1309 3272 mum
1342 3256 1360 3292 ‚
1428 3193 1639 3274 velut
1697 3194 1854 3290 fur,
1922 3210 2271 3303 spectate
2333 3194 2716 3272 castitatis
2738 3253 2758 3291 ,
2826 3192 3052 3303 quasi
3110 3190 3490 3279 visitandi
3554 3196 3819 3301 gracia
3845 3257 3865 3292 ,

1071 3331 1596 3430 ,subintravit3
1628 3330 1816 3426 ubi,
1855 3329 2247 3411 celebrata
2278 3356 2512 3429 cena,
2548 3356 2730 3410 cum
2757 3326 2862 3409 ab
2894 3329 3175 3437 ignara
3202 3329 3650 3442 iniquitatis
3683 3357 3872 3410 con-

1082 3477 1342 3580 cepte,
1403 3489 1492 3551 ut
1535 3469 2194 3551 familiarissimus
2215 3531 2235 3569 ,
2301 3468 2496 3548 hinc
2568 3466 2787 3551 illinc
2856 3496 3083 3548 more
3148 3464 3549 3549 nobilium
3612 3478 3866 3580 usque

1081 3606 1185 3687 ad
1224 3607 1623 3717 hospitale
1657 3605 2111 3689 cubiculum
2146 3604 2434 3688 ductus
2466 3623 2702 3706 esset,
2731 3607 2895 3688 sevi
2927 3605 3275 3714 pectoris
3304 3604 3590 3686 vulnus
3618 3606 3869 3687 celare

1083 3748 1466 3858 nequivit.
1524 3747 1732 3827 Nam
1776 3746 2179 3854 extemplo
2228 3745 2464 3829 fateri
2510 3771 2897 3843 amorem,
2957 3771 3189 3824 orare
3205 3805 3226 3843 ,
3284 3745 3614 3822 miscere
3680 3772 3866 3825 cum

1085 3884 1456 3992 precibus
1495 3881 1713 3964 dona
1766 3903 1858 3963 ac
1887 3910 2208 3966 versare
2246 3884 2337 3963 in
2373 3910 2648 3965 omnes
2684 3898 2951 3991 partes
2995 3879 3467 3962 muliebrem
3515 3882 3872 3961 animum

1084 4022 1333 4128 cepit;
1376 4048 1467 4100 ac
1501 4021 1647 4101 ubi
1690 4037 2197 4101 constantem
2227 4037 2587 4101 mentem
2614 4019 2968 4100 mulieris
3011 4013 3299 4126 pavide
3334 4014 3540 4097 vidit
3560 4078 3580 4116 ,
3621 4017 3869 4137 auda-

1085 4185 1255 4236 cem
1300 4158 1489 4238 fecit
1533 4159 1957 4268 improbus
1995 4184 2244 4258 amor,
2295 4175 2379 4240 et
2414 4160 2739 4241 sinistra
2780 4157 3023 4238 manu
3072 4172 3394 4263 pectore
3441 4182 3825 4265 oppresso
3844 4218 3862 4253 ,

1086 4297 1465 4376 castitatis
1533 4299 1805 4406 erupit
1859 4295 2257 4397 cellulam,
2308 4297 2557 4409 fitque
2600 4297 2888 4378 victrix
2950 4294 3251 4395 libid03
3308 4320 3551 4407 quam
3601 4313 3865 4374 tamen

1081 4453 1243 4514 tarn
1299 4434 1557 4514 viliter
1613 4434 2046 4542 prostituta
2107 4454 2276 4515 non
2339 4434 2593 4515 actori
2653 4434 2968 4515 sceleris
3023 4434 3468 4542 imputavit.
3522 4433 3734 4512 Nam
3780 4435 3866 4511 in

1078 4569 1426 4652 adventu
1488 4571 1758 4651 mariti
1821 4600 2001 4651 cum
2068 4572 2338 4653 mestis
2393 4571 2877 4680 singultibus
2943 4570 3428 4652 oboriuntur
3493 4569 3863 4665 lacrime3

1077 4710 1602 4822 querentique
1640 4711 1817 4789 viro
1845 4710 2075 4790 satin'
2106 4708 2366 4791 salve?
2390 4744 2438 4789 ,α
2469 4708 2824 4807 Minime,
2861 4710 3162 4821 inquit3
3207 4703 3405 4820 quid
3427 4707 3643 4786 enim
3671 4704 3864 4786 salvi

1103 4881 1143 4927 a<
1181 4864 1300 4933 est
1324 4845 1670 4944 mulieri,
1702 4847 1986 4928 amissa
2003 4843 2395 4963 pudicicia
2419 4844 2811 4956 PVestigia
2837 4848 2991 4928 viri
3022 4846 3294 4944 alieni,
3327 4844 3862 4924 amantissime
