4666 6014
1067 691 1212 764 aas
1523 684 2205 760 CHRONICORUM
2255 686 2613 761 KARou
2642 655 2947 758 'sssxn
2997 685 3175 758 Lm.
3229 684 3391 760 vn.

1067 835 1541 919 dominandi
1570 855 1648 917 et
1677 835 2068 946 regnandi
2100 835 2387 920 ductus
2418 837 2783 935 libidine,
2817 836 3290 946 rebelliones
3320 854 3398 916 et
3414 833 3854 917 sediciones

1066 978 1356 1057 civium
1384 974 1880 1074 seminandO,
1913 1004 2098 1084 sepe
2128 979 2417 1086 spretis
2449 975 2851 1056 federibus
2883 975 3181 1052 mutuis
3206 949 3384 1053 cum
3398 974 3852 1083 juramento

1064 1113 1437 1208 firmatiS,
1492 1114 1577 1192 in
1619 1114 2035 1192 interitum
2080 1115 2289 1221 regis
2327 1113 2610 1192 Karoli
2665 1140 2809 1220 per
2840 1112 3217 1191 veneficia
3263 1108 3806 1219 conspirando
3833 1171 3853 1206 ,

1061 1248 1165 1329 ad
1203 1251 1431 1358 regni
1471 1249 1882 1358 fastigium
1911 1251 2315 1360 aspiravit.
2356 1252 2549 1330 Erat
2582 1250 2798 1328 enim
2831 1264 3134 1327 statura
3163 1246 3532 1355 pusillus,
3567 1245 3706 1326 sed
3736 1248 3854 1326 vi—

1062 1388 1271 1466 vacis
1295 1388 1628 1495 ingenii,
1666 1386 2130 1502 habensque
2157 1387 2476 1467 oculum
2499 1387 3036 1495 perspicacem
3058 1414 3076 1483 ;
3123 1402 3439 1493 gratum
3467 1400 3546 1463 et
3572 1402 3858 1493 sponte

1061 1521 1314 1602 fluens
1340 1524 1413 1600 ei
1446 1550 1614 1601 non
1644 1520 1916 1601 deerat
1944 1522 2377 1633 eloquium.
2405 1519 2773 1601 Inaudite
2803 1549 3124 1632 quoque
3155 1521 3499 1600 existens
3532 1523 3853 1624 astucie‚

1060 1678 1140 1739 et
1179 1658 1648 1738 affabilitate
1678 1658 2103 1767 singulari,
2160 1686 2319 1769 qua
2359 1676 2666 1738 ceteros
2700 1658 3114 1767 principes
3146 1659 3582 1767 superabat
3604 1720 3623 1756 ,
3658 1656 3857 1737 mul-

1059 1814 1325 1874 torum
1368 1798 1678 1875 animos
1710 1796 1958 1874 eciam
1990 1796 2746 1903 circumspectorum
2798 1793 3107 1892 allexit,
3162 1812 3251 1874 ut
3288 1811 3603 1903 partem
3636 1823 3860 1874 suam

1062 1932 1426 2012 foverent
1477 1950 1559 2011 et
1614 1962 1661 2012 a
1712 1930 2092 2012 fidelitate
2149 1933 2549 2040 promissa
2597 1932 2770 2039 regi
2831 1934 2897 2011 F
2898 1933 3171 2011 rancie
3228 1930 3681 2010 resillirent.
3726 1929 3859 2009 Sic

1058 2067 1372 2178 agendo
1393 2131 1412 2168 ,
1468 2071 1708 2177 gestis
1758 2071 1919 2149 suis
1975 2069 2312 2148 multam
2359 2068 2662 2148 nubem
2718 2066 3043 2184 induxit
3064 2130 3083 2166 ,
3137 2085 3218 2147 et
3259 2068 3497 2147 titulo
3549 2069 3858 2174 generis

1060 2204 1476 2314 derogavit
1499 2236 1667 2287 non
1700 2204 2148 2307 modicum3
2183 2208 2496 2319 fuitque
2532 2209 2618 2316 in
2653 2235 2749 2287 eo
2783 2204 3160 2286 delictum
3191 2205 3349 2285 hoc
3376 2222 3606 2286 tanto
3635 2220 3862 2284 nota·

1057 2343 1332 2443 bilius,
1404 2363 1710 2456 quanto
1780 2346 1952 2453 ipse
2028 2373 2316 2453 genere
2385 2362 2556 2425 erat
2609 2344 3066 2453 preclarior.
3132 2344 3339 2423 Nam
3423 2339 3858 2422 secundum

1058 2480 1100 2557 J
1104 2481 1512 2562 uvenalem
1542 2512 1559 2561 z

1701 2589 1893 2660 Omne
1922 2590 2108 2659 animi
2138 2589 2353 2658 vicium
2385 2603 2548 2659 tanto
2586 2590 2949 2683 conspectius
2976 2590 3040 2659 in
3066 2611 3157 2659 se-

1692 2703 1929 2773 Crimen
1955 2703 2159 2784 habet,
2196 2717 2418 2794 quanto
2448 2706 2668 2799 major,
2707 2705 2812 2795 qai
2830 2717 3069 2796 peccat,
3103 2704 3371 2775 habetur.

1151 2919 1293 2997 De
1323 2917 1484 2997 fine
1511 2946 1700 2999 vero
1732 2921 2019 3029 ipsius,
2065 2919 2165 3001 de
2196 2948 2361 3033 quo
2391 2922 2623 3003 multi
2653 2921 3300 3036 obloquebantur
3329 2920 3690 3019 sinistre,
3720 2918 3856 2996 lit-

961 3050 968 3057 ’
1062 3072 1270 3134 teras
1314 3057 1669 3164 episcopi
1696 3060 2090 3168 Aquensis
2109 3120 2129 3158 ,
2184 3061 2326 3171 qui
2379 3060 2547 3166 ejus
2587 3060 2962 3140 extiterat
3012 3058 3512 3139 consiliarius
3560 3057 3858 3166 princi-

1065 3192 1301 3298 palis,
1358 3196 1621 3273 sorori
1669 3194 2025 3304 ejusdem
2080 3198 2291 3304 regis
2338 3196 2685 3277 Blanche
2739 3199 3013 3306 regine
3064 3197 3565 3276 transmissas
3588 3256 3608 3293 ‚
3660 3216 3863 3306 quas

1064 3328 1404 3437 perlegi,
1447 3330 1581 3409 hic
1634 3332 1984 3412 inserere
2029 3316 2365 3441 dignuin
2412 3331 2632 3413 duxi.
2684 3368 2723 3410 <c
2777 3331 3423 3415 Metuendissima
3476 3329 3851 3428 domina,

1045 3499 1103 3564 ⁸«
1144 3464 1427 3544 humili
1455 3465 2252 3548 recommendacione
2279 3471 2662 3578 premissa
2685 3532 2706 3570 ,
2737 3499 2918 3551 cum
2948 3468 3215 3550 cordis
3242 3468 3625 3548 lacrimali
3657 3495 3855 3547 mes-

1066 3637 1102 3675 «
1143 3601 1361 3700 ticia,
1409 3605 1861 3715 mentisque
1907 3607 2145 3684 anxia
2184 3595 2715 3687 amaritudine
2751 3607 3105 3689 ulcerosa
3135 3606 3365 3686 vobis
3399 3603 3801 3683 denuncio
3832 3666 3851 3702 ,

1067 3771 1102 3811 «
1143 3735 1769 3852 dissolucionem¹
1807 3743 2230 3849 compositi
2290 3739 2600 3823 domini
2651 3746 2910 3823 nostri
2952 3740 3362 3855 quondam
3409 3742 3619 3849 regis
3648 3802 3670 3838 ‚
3714 3741 3854 3821 sed

1066 3907 1103 3946 α
1144 3901 1325 3954 cum
1372 3877 1680 3983 ingenti
1744 3875 2036 3984 gaudio
2089 3894 2169 3957 et
2218 3880 2482 3958 anime
2528 3877 2816 3987 grandi
2865 3880 3124 3959 leticia
3166 3876 3533 3989 specialis
3594 3879 3855 3986 gracie

1068 4043 1106 4081 <c
1146 4010 1382 4090 titulo
1432 4007 1817 4090 divinitus
1856 4012 2225 4092 collatum
2273 4014 2659 4111 intimans
2693 4016 3280 4096 sanctissimum
3320 4013 3563 4093 finem
3596 4042 3849 4094 suum.

1069 4181 1107 4221 <c
1148 4147 1354 4226 Nam
1389 4175 1487 4226 ex
1516 4176 1677 4258 quo
1711 4150 2047 4258 grabato
2079 4177 2163 4230 se
2194 4153 2504 4260 posuit,
2539 4153 2802 4262 vigilia
2838 4153 3082 4232 Lucie
3109 4152 3448 4267 Virginis
3481 4151 3851 4259 gloriose,

1069 4318 1105 4358 «
1150 4283 1433 4363 horam
1459 4287 1670 4366 circa
1700 4284 2048 4366 mediam
2073 4290 2336 4368 noctis
2359 4290 2529 4400 ejus
2551 4352 2570 4388 ,
2601 4286 2914 4370 assidue
2943 4290 3027 4367 in
3062 4288 3561 4368 confessione
3589 4288 3854 4366 extitit

1066 4456 1104 4494 (ι
1144 4449 1471 4501 suorum
1513 4426 2104 4531 peccaminum,
2146 4424 2581 4538 aliquando
2626 4430 2923 4507 sexcies
2952 4427 3037 4505 in
3070 4424 3201 4506 die
3229 4421 3715 4506 confitendo.
3751 4424 3854 4501 Et

1066 4592 1104 4633 <c
1145 4585 1242 4636 ex
1277 4586 1439 4669 quo
1483 4587 1564 4638 se
1592 4559 2026 4643 secundum
2056 4590 2141 4642 se
2173 4563 2757 4675 aliquantulum
2799 4563 3078 4645 sensiit
3114 4578 3562 4671 gravatum,
3594 4588 3848 4674 quan-

1067 4728 1104 4767 «
1146 4712 1319 4775 tum
1346 4697 1676 4776 minime
1706 4695 2188 4798 crederetur,
2228 4729 2377 4782 nec
2400 4705 2572 4812 ipse
2599 4700 2976 4783 credebat
2994 4763 3013 4801 ,
3045 4700 3326 4781 diatim
3357 4701 3661 4809 recepit
3683 4724 3853 4777 cor-

1067 4865 1104 4903 «
1146 4860 1294 4939 pus
1314 4832 1642 4937 Christi,
1673 4831 1871 4915 adeo
1893 4832 2115 4948 quod
2138 4836 2350 4917 infra
2376 4856 2560 4919 octo
2590 4837 2760 4921 dies
2790 4839 3093 4948 sepcies
3120 4835 3417 4918 dicitur
3441 4835 3849 4943 recepisse,
