4666 6014
1028 704 1169 774 348
1498 695 2178 768 CHRONICORUM
2228 694 2585 768 KAROLI
2635 695 2919 770 sEle
2970 698 3146 770 LIB.
3201 697 3327 772 vl.

1027 845 1587 929 habundancia
1613 846 1778 953 jam
1810 862 2028 923 tactu
2057 862 2138 923 et
2165 873 2314 924 usu
2354 873 2556 953 pene
2585 863 3241 954 consumptarum
3277 846 3806 926 creditoribus

1031 989 1190 1068 suis
1229 982 1678 1063 satisfacere
1705 978 2337 1080 contendebant;
2379 981 2517 1059 sed
2563 980 2751 1061 inde
2782 982 3306 1061 accumulasse
3350 983 3809 1063 thesaurum

1030 1118 1774 1224 doluerunt-subito
1829 1119 1931 1198 ab
1973 1118 2345 1196 omnibus
2394 1117 2907 1227 vilipensum}
2973 1146 3118 1196 nec
3153 1117 3480 1227 alicujus
3520 1119 3809 1198 valoris

1030 1275 1503 1367 reputatum.
1556 1257 1938 1355 Quamvis
1986 1258 2234 1334 eciam
2277 1257 2361 1332 in
2404 1282 2654 1361 regno
2696 1254 3113 1333 affluencia
3160 1256 3512 1333 omnium
3558 1256 3811 1334 bono-

1031 1424 1208 1475 rum
1268 1412 1505 1489 esset,
1569 1394 1708 1503 qui
1757 1409 2020 1470 tamen
2078 1390 2556 1498 agriculture
2615 1410 2694 1470 et
2746 1391 3222 1472 mechanicis
3295 1392 3601 1471 artibus
3660 1418 3810 1499 pro

1030 1530 1377 1611 denariis
1417 1527 1728 1608 diurnis
1772 1528 2257 1635 inhyabant,
2301 1556 2393 1606 ex
2432 1546 2864 1610 memorata
2905 1529 3283 1635 peccunia
3326 1527 3621 1607 abhinc
3656 1528 3809 1608 sibi

1029 1697 1196 1747 non
1287 1684 1684 1776 poterant
1733 1666 2028 1744 victum
2101 1662 2595 1744 cotidianum
2671 1693 3148 1773 procurare,
3222 1681 3301 1742 et
3365 1662 3540 1743 dira
3603 1663 3809 1744 fame

1029 1834 1303 1886 eorum
1360 1802 1723 1884 nonnulli
1767 1805 2227 1911 periissent,
2287 1802 2439 1880 nisi
2483 1830 2725 1913 quam
2772 1820 3155 1882 statuerat
3191 1802 3536 1882 Karolus
3584 1819 3810 1911 pater

1027 1944 1197 2050 ejus
1236 1972 1555 2023 cursum
1598 1942 1897 2021 habere
1944 1938 2411 2052 aliquandiu
2452 1943 2957 2047 permisisset.
3234 1960 3269 1976 '

1979 2224 2647 2305 CAPITULUM
2725 2227 2834 2302 11.

1585 2437 1673 2495 De
1700 2437 1958 2496 exercitu
1983 2437 2337 2498 Francorum
2365 2446 2712 2517 congregato
2738 2446 2935 2494 contra
2967 2434 3257 2517 Anglicos.

1139 2633 1313 2746 Jam
1363 2635 1561 2749 quid
1601 2658 1800 2716 esset
1857 2643 1967 2718 rei
2012 2641 2329 2747 publice
2370 2641 2563 2719 utile
2606 2639 2961 2717 sollercia
3000 2638 3219 2745 vigili
3261 2639 3807 2745 superincum-

1030 2774 1219 2852 bere
1270 2775 1640 2881 juventus
1693 2777 1906 2881 regia
1965 2778 2369 2883 sapiebat3
2419 2795 2496 2855 et
2536 2806 2617 2855 se
2664 2778 3287 2854 circumventum
3332 2772 3538 2852 dolis
3586 2771 3806 2854 ducis

1029 2910 1373 2990 Britanie
1446 2909 1723 2989 dolens
1750 2973 1767 3006 ,
1841 2912 1947 2991 ad
2039 2916 2503 2994 memoriam
2585 2916 2835 2993 eciam
2925 2911 3352 2996 reducebat
3429 2914 3807 3024 quociens

1025 3048 1337 3155 Anglici
1370 3110 1388 3145 ‚
1462 3034 1753 3129 assidui
1830 3050 2097 3129 hostes
2122 3114 2138 3147 ‚
2215 3050 2317 3130 ad
2386 3080 2719 3158 regnum
2784 3050 3364 3158 aspiraverant,
3429 3052 3808 3159 quociens

1030 3185 1570 3266 intractabiles
1632 3187 1970 3294 reperti,
2053 3189 2311 3295 ruptis
2360 3185 2810 3283 federibUS,
2880 3185 3327 3265 ebulierant
3389 3188 3474 3265 in
3538 3187 3807 3266 irrita-

1027 3321 1278 3399 cionis
1339 3321 1821 3421 molestiam,
1882 3320 2245 3419 cedibUS,
2299 3324 2601 3430 rapinis
2650 3340 2729 3401 et
2775 3320 3168 3401 incendiis
3209 3322 3444 3430 longe
3496 3323 3805 3433 lateque

1025 3444 1165 3566 per
1207 3488 1538 3567 regnum
1581 3461 1933 3540 habenas
1973 3489 2111 3540 sue
2148 3459 2634 3540 crudelitatis
2672 3459 3042 3539 laxando,
3101 3461 3284 3540 Non
3318 3459 3579 3541 adhuc
3613 3463 3802 3539 anni

1024 3598 1403 3677 transacti
1466 3599 1847 3702 pruinose
1906 3601 2330 3677 senectutis
2395 3596 2706 3677 detersa
2764 3599 3070 3677 ,canicie
3100 3658 3118 3693 ,
3172 3623 3411 3703 super
3474 3599 3803 3675 instanti

1026 3732 1359 3837 negocio
1388 3732 1724 3811 consilio
1755 3731 2232 3813 celebrando
2258 3796 2276 3831 ‚
2315 3753 2713 3845 quotquot
2744 3763 2825 3813 se
2855 3734 3407 3841 gloriabantur
3438 3730 3536 3810 de
3562 3734 3803 3839 regali

1023 3858 1414 3973 sanguine
1479 3870 1875 3976 originem
1940 3872 2272 3949 traxisse
2301 3933 2319 3966 ,
2387 3869 2777 3951 duntaxat
2844 3871 3133 3949 comite
3200 3867 3302 3949 de
3361 3870 3801 3948 Alenconio

973 4072 984 4081 .
1023 4021 1354 4112 excepto
1377 4066 1394 4101 ‚
1429 4032 1660 4115 quem
1695 4009 2000 4085 senium
2035 4009 2276 4086 nimia
2311 4008 2876 4116 pinguitudine
2905 4008 3309 4087 obsessum
3341 4007 3800 4103 excusabat,

1024 4158 1583 4219 convenerant.
1621 4142 1720 4220 Et
1751 4142 2202 4246 hii-omnes,
2231 4147 2513 4223 merita
2551 4143 3118 4251 indignacione
3152 4146 3395 4241 moti,
3426 4172 3595 4222 non
3626 4143 3803 4251 plus

1021 4273 1318 4383 legatos
1389 4278 1738 4361 hostium
1801 4274 2241 4360 audiendos
2266 4343 2283 4376 ,
2344 4280 2640 4361 nullam
2696 4280 3257 4360 condicionem·
3319 4279 3799 4359 inducialem

1023 4410 1640 4512 admittendam,
1691 4414 1829 4493 sed
1883 4414 2198 4496 ulcione
2247 4417 2519 4497 hostili
2571 4416 2946 4526 deinceps
3004 4420 3135 4524 agi
3186 4435 3474 4497 cuncta
3529 4415 3799 4498 decre-

1022 4569 1321 4631 verant.
1359 4551 1453 4631 In
1490 4551 1693 4629 hanc
1730 4555 2209 4635 sentenciam
2252 4552 2532 4637 ducem
2564 4552 3024 4664 Burgundio
3056 4555 3517 4665 Philippum
3539 4615 3563 4649 ,
3592 4557 3798 4659 regis

1024 4702 1430 4790 patruum,
1468 4705 1923 4788 traxerunt,
1957 4694 2098 4801 qui
2138 4697 2512 4801 precipue
2561 4696 2779 4801 regni
2826 4694 3071 4773 ardua
3109 4688 3594 4771 moderanda
3628 4718 3798 4767 sus-

1023 4841 1353 4928 ceperat.
