4666 6014
1041 644 1124 722 3⁴
1137 646 1186 721 2
1531 641 2211 754 GHRONICORUM
2260 643 2617 719 KAROLI
2666 643 2950 719 sEx'rl
2999 645 3176 719 LIB.
3231 642 3325 722 V.

981 842 990 847 -
1021 797 1350 876 infestis
1382 790 1844 904 cuspidibus
1873 794 2327 905 strictisque
2346 794 2645 904 ‚gladiis
2677 822 2813 875 eos
2841 796 3114 875 venire
3148 794 3526 876 viderunt
3549 857 3568 893 ‚
3611 794 3826 877 haud

1044 961 1264 1013 secus
1309 959 1549 1043 quam
1590 929 1971 1039 pestifero
2021 929 2306 1039 sydere
2343 929 2684 1012 feriendi
2717 947 3015 1027 essent,
3056 931 3223 1010 sola
3261 911 3447 1040 fuga
3494 932 3830 1013 salutem

1044 1071 1526 1182 quesierunt.
1592 1066 1861 1146 Multis
1925 1065 2217 1147 deinde
2277 1066 2558 1150 diebus
2618 1068 3163 1178 impigerrime
3218 1049 3606 1179 insequti,
3648 1098 3831 1150 cum

1046 1205 1316 1284 omnia
1390 1206 1509 1282 ira
1584 1202 1944 1282 militaris
2012 1222 2281 1311 ageret
2349 1233 2605 1315 prope
2666 1232 2958 1285 vesano
3028 1204 3332 1313 impetu
3360 1265 3379 1302 ,
3449 1202 3675 1286 cedes
3739 1206 3833 1284 fit

1047 1343 1389 1422 maxima
1410 1403 1429 1439 ,
1495 1368 1640 1419 nec
1696 1365 2178 1451 quemquam
2229 1342 2741 1422 scelestorum
2812 1341 3101 1421 Gallici
3167 1339 3268 1420 ad
3329 1333 3834 1421 dedicionem

1050 1506 1330 1587 capere
1384 1469 1687 1584 dignati
1750 1494 1959 1556 sunt.
2034 1477 2162 1557 Sic
2224 1476 2553 1559 tandem
2608 1506 2885 1559 omnes
2964 1479 3363 1587 suspensi,⁵
3441 1478 3834 1558 submersi

1049 1634 1186 1696 aut
1240 1612 1524 1723 gladiis
1569 1615 2029 1723 interempti
2073 1615 2526 1723 perierunt,
2575 1630 2656 1694 et
2699 1616 2814 1694 sic
2861 1597 3145 1695 concio
3182 1613 3315 1695 illa
3356 1614 3832 1697 criminoso-

1050 1781 1271 1848 rum,
1311 1748 1627 1830 redacta
1673 1748 1775 1829 ad
1809 1750 2234 1848 nichilum,
2271 1753 2577 1832 viarum
2610 1780 2932 1832 suarum
2950 1751 3269 1831 fructus
3286 1750 3672 1860 collegit
3649 1781 3832 1834 mu-

1053 1890 1266 1987 tiles,
1281 1905 1378 1969 et
1412 1887 1695 1998 procul
1729 1886 1980 1967 dubio
2005 1907 2095 1969 ut
2124 1886 2455 1969 decebat
2470 1892 2743 2000 ,quia‚
2775 1907 2869 1969 ut
2909 1892 3451 1988 communius,
3492 1889 3832 1998 pessimo

1055 2029 1214 2109 fine
1248 2024 1725 2116 clauduntur
1758 2055 1914 2138 que
1946 2026 2157 2107 malo
2191 2046 2382 2108 sunt
2415 2028 2793 2108 inchoata
2821 2029 3250 2139 principio.

2013 2310 2681 2391 CAPITULUM
2746 2314 2868 2390 11.

1830 2519 1966 2579 Dux
1996 2517 2220 2580 Biturie
2250 2542 2284 2580 a
2318 2541 2469 2602 papa
2498 2520 2735 2582 honeste
2767 2521 3061 2602 recipitur.

1073 2753 1080 2756 ·
1165 2724 1342 2802 Hiis
1369 2724 1736 2832 peractis,
1772 2720 1937 2803 dux
1969 2751 2115 2832 per
2134 2726 2323 2822 vias,
2359 2752 2554 2836 quas
2585 2724 2974 2806 universis
3006 2753 3317 2807 securas
3349 2722 3837 2822 reddiderat,

1056 2861 1532 2940 Avinionem
1584 2873 1897 2966 petens,
1955 2877 2047 2941 ut
2095 2861 2251 2940 hoc
2299 2863 2691 2970 comperit
2739 2891 2948 2971 papa
3004 2861 3406 2962 ClemenS,
3468 2878 3548 2941 et
3603 2859 3840 2944 adve-

1057 2998 1412 3077 nientem
1459 2994 1878 3106 multiplici
1933 2995 2245 3077 honore
2293 2999 2621 3108 cupiens
2669 2999 3087 3105 prevenire
3106 3061 3125 3098 ‚
3180 2996 3551 3079 dominos
3593 2996 3846 3078 cardi-

1059 3133 1273 3215 nales
1328 3162 1509 3211 cum
1558 3132 1813 3211 multo
1870 3131 2409 3240 palatinorum
2467 3161 2802 3212 numero
2862 3132 3122 3213 eidem
3191 3135 3511 3214 obviam
3573 3137 3843 3233 misit3

1059 3274 1573 3383 ingressoque
1628 3270 2024 3380 palacium
2070 3299 2252 3350 cum
2291 3272 2458 3350 oris
2508 3269 2865 3350 osculum
2918 3254 3366 3379 prebuisset
3385 3333 3404 3371 ,
3446 3270 3548 3351 de
3600 3272 3847 3352 salute

1057 3436 1378 3520 quoque
1442 3436 1585 3487 sua
1651 3426 1733 3487 et
1792 3436 2123 3487 suorum
2179 3403 2651 3515 diligencius
2713 3408 3178 3518 quesivisset
3202 3469 3222 3507 ‚
3289 3409 3595 3487 cunctis
3658 3407 3848 3487 fecit

1058 3545 1419 3655 hospicia
1479 3544 1688 3624 infra
1741 3544 2024 3652 palacii
2073 3543 2468 3623 ambitum
2519 3544 2957 3651 preparari.
3026 3543 3485 3653 Diebusque
3535 3568 3846 3622 succes-

1059 3682 1285 3779 siviS‚
1333 3709 1515 3760 cum
1554 3682 1812 3789 ipsum
1854 3679 2138 3761 ducem
2174 3681 2383 3760 comi
2421 3679 2730 3778 fronte,
2775 3708 2945 3760 non
2983 3679 3282 3794 absque
3317 3678 3539 3758 fluxu
3575 3704 3851 3761 mune-

1064 3847 1293 3915 rum,
1358 3817 1770 3928 dapsiliter
1825 3818 2263 3917 refecisset,
2320 3815 2580 3934 eidem
2637 3817 3059 3896 interiores
3106 3816 3389 3923 palacii
3445 3832 3711 3923 partes
3771 3832 3851 3893 et

1066 3954 1500 4061 penetralia
1550 3985 1718 4035 non
1767 3958 1922 4037 nisi
1978 3954 2433 4056 domesticis
2474 3956 2802 4065 pervia,
2864 3953 3065 4034 lares
3110 3979 3431 4064 quoque
3470 3954 3850 4032 secrecio-

1065 4090 1289 4170 ribus
1359 4093 1635 4172 usibus
1715 4092 2020 4174 dicatos
2052 4156 2072 4191 ,
2156 4092 2573 4173 thesauros
2649 4108 2729 4172 et
2810 4093 3373 4183 universorum
3452 4087 3853 4185 desidera-

1064 4225 1349 4309 bilium
1423 4232 1962 4339 reposiciones
1986 4291 2005 4328 ‚
2072 4231 2160 4309 in
2212 4230 2532 4338 signum
2593 4229 2946 4307 amicicie
2999 4226 3425 4335 singularis
3495 4228 3855 4335 repetitis

1063 4364 1371 4453 vicibus
1425 4369 1824 4447 reseravit.
1881 4368 2068 4446 Dux
2121 4393 2311 4447 vero
2331 4427 2352 4465 ‚
2401 4364 2700 4447 habitis
2746 4365 3208 4476 frequenter
3257 4392 3439 4443 cum
3491 4391 3587 4443 eo
3608 4425 3627 4461 ,
3683 4381 3855 4442 tum

1065 4529 1422 4583 seorsum
1466 4521 1639 4583 tum
1699 4505 1790 4583 in
1846 4492 2026 4584 cetu
2078 4502 2610 4585 cardinalium
2660 4499 3189 4582 familiaribus
3262 4499 3676 4610 colloquiis
3700 4558 3719 4595 ‚
3774 4514 3855 4576 et

1067 4637 1458 4720 redeundi
1545 4641 1957 4722 licenciam
2023 4644 2522 4752 impetrasset
2545 4704 2564 4741 ‚
2651 4658 2845 4721 tunc
2909 4669 3097 4749 erga
3169 4641 3433 4747 ipsum
3515 4653 3595 4717 et
3667 4661 3851 4714 suos

1068 4777 1370 4886 papalis
1404 4779 1629 4890 quasi
1659 4760 2033 4889 prodiga,
2073 4778 2214 4860 sed
2253 4778 2491 4890 plane
2528 4776 3184 4861 commendabilis
3203 4836 3226 4879 ‚
3265 4774 3547 4855 claruit
3583 4772 3850 4852 muni-
