4666 6014
1096 647 1241 721 544
1558 594 2258 746 mmomconnms
2285 644 2642 720 KAnou
2691 642 2975 720 snx‘n
3024 643 3201 717 Lm.
3253 642 3386 718 lx.

1092 811 1173 875 et
1216 793 1740 873 finitimorum
1787 792 2357 875 detrimentum
2412 797 2501 876 in
2553 795 2810 904 patrie
2865 822 3003 875 sue
3062 794 3502 903 periculum
3551 811 3867 903 poterat

1090 928 1540 1010 redundare
1559 937 1703 1028 ,ut
1722 947 1894 1010 erat
1920 930 2612 1044 prudentissimus,
2645 932 2868 1012 ducis
2899 933 3383 1043 proterviam
3411 931 3867 1014 racionibus

1091 1066 1513 1147 confutans
1534 1128 1556 1165 ,
1621 1068 2112 1149 Francorum
2166 1071 2539 1150 virtutem
2592 1099 2636 1149 a
2692 1070 2856 1150 suis
2924 1066 3538 1175 insuperabilem
3599 1067 3866 1147 multis

1091 1204 1355 1286 verbis
1407 1203 1873 1304 declaravit,
1923 1205 2268 1287 finaliter
2318 1204 2744 1287 asserendo
2778 1235 2825 1285 a
2863 1234 3050 1315 rege
3088 1206 3214 1285 sui
3262 1203 3595 1284 ducatus
3636 1202 3871 1283 finale

1094 1343 1657 1424 exterminium
1694 1338 2139 1453 juramento
2169 1343 2578 1425 firmatum
2604 1405 2626 1444 ‚
2657 1346 2815 1424 nisi
2838 1341 2940 1424 ad
2968 1343 3136 1454 ejus
3162 1340 3542 1424 accedens
3568 1341 3871 1448 magni-

1096 1481 1506 1560 ficenciam
1526 1541 1548 1579 ,
1606 1483 1693 1559 in
1745 1482 2155 1588 presencia
2221 1510 2549 1562 suorum
2598 1481 3023 1562 illustrium
3043 1540 3065 1579 ‚
3131 1480 3300 1590 ejus
3360 1479 3869 1558 clemenciam

1097 1644 1331 1724 prece
1368 1615 1649 1696 humili
1707 1635 2212 1698 mercaretur.

1207 1750 1572 1833 Tandem
1608 1753 1755 1832 hec
1793 1752 2311 1833 racionabilia
2375 1754 2617 1834 verba
2672 1751 2896 1833 ducis
2954 1748 3450 1832 obstinatum
3514 1755 3869 1834 animum

1097 1888 1694 1987 defflulcerunt3
1755 1888 2333 1999 attendensque
2385 1891 2876 1972 Francorum
2926 1887 3610 1997 longanimitatem
3659 1906 3740 1968 et
3789 1892 3874 1968 in

1094 2023 1508 2105 laboribus
1540 2028 2250 2132 perseveranciam,
2272 2003 2649 2137 quodque
2680 2051 2828 2106 nec
2856 2025 3064 2105 fame
3104 2052 3251 2105 nec
3280 2023 3604 2131 frigoris
3635 2025 3876 2105 incle-

1098 2164 1402 2242 mencia
1434 2161 1538 2241 ab
1577 2163 1896 2273 incepto
1936 2179 2310 2271 poterant
2349 2164 2736 2261 revocari,
2783 2163 2932 2242 hac
2960 2159 3060 2242 de
3088 2189 3319 2241 causa
3364 2160 3879 2241 subditorum

1098 2301 1512 2409 patrieque
1549 2301 1919 2404 misertus
1939 2360 1959 2398 ,
2000 2297 2216 2380 diem
2257 2297 2764 2392 tredecimam
2804 2297 3195 2396 octobris,
3234 2295 3337 2377 ad
3377 2325 3615 2407 quam
3647 2326 3865 2378 com-

1100 2453 1460 2543 pareret,
1508 2438 1984 2544 acceptavit,
2027 2454 2108 2517 et
2156 2436 2368 2517 hanc
2423 2438 2591 2545 regi
2642 2465 2786 2546 per
2837 2433 3145 2516 dictum
3194 2434 3883 2543 archiepiscopum

1100 2571 1551 2652 intimando
1615 2572 2089 2682 supplicavit
2117 2634 2139 2671 ,
2195 2590 2287 2652 ut
2341 2575 2895 2653 excusaciones
2935 2600 3120 2652 suas
3173 2571 3599 2651 clementer
3655 2570 3884 2650 vellet

1102 2706 1401 2788 audire.
1429 2709 1604 2786 Hiis
1635 2706 1930 2788 auditis
1961 2736 2131 2804 rex,
2157 2708 2535 2788 submoto
2560 2709 3188 2816 archiepiscopo,
3213 2733 3416 2814 quos
3437 2703 3536 2784 de
3560 2734 3887 2813 respon-

1105 2849 1331 2926 sione
1358 2847 1788 2955 participes
1802 2844 2056 2924 voluit
2082 2845 2253 2925 fieri
2277 2906 2297 2944 ,
2330 2848 2712 2945 evocavit3
2736 2864 2817 2926 et
2841 2847 2960 2926 hii
2991 2834 3267 2925 omnes
3288 2841 3510 2923 ducis
3530 2843 3888 2951 Burgun-

1106 2981 1236 3062 die
1255 2984 1734 3062 sentenciam
1748 2998 2193 3062 tenuerunt.
2215 2982 2578 3084 Quicum
2596 3011 2860 3091 regem
2876 2979 2981 3063 ad
3001 2978 3515 3064 concordiam
3529 2978 3888 3062 induxis-

1104 3136 1226 3199 set
1261 3118 1527 3199 multis
1575 3117 2067 3216 racionibus,
2117 3119 2274 3198 hiis
2310 3122 2629 3228 scriptis
2669 3147 2837 3200 non
2884 3116 3350 3217 recitandis,
3384 3119 3573 3226 quia
3612 3118 3885 3198 forsan

1108 3251 1585 3363 compendio
1607 3315 1628 3351 ,
1662 3250 1882 3363 quod
1917 3253 2268 3334 studiose
2298 3283 2585 3367 quero,
2618 3255 3007 3354 officeret,
3044 3252 3368 3335 tandem
3404 3271 3670 3334 tamen
3710 3282 3886 3334 ver-

1108 3390 1235 3470 bis
1267 3389 1511 3469 finem
1544 3389 1839 3468 faciens
1879 3424 1901 3475 ε
1945 3423 1982 3464 (ε
2009 3389 2172 3488 Sic,
2223 3392 2529 3499 inquit,
2583 3389 2911 3472 domine
2964 3393 3117 3489 mi,
3156 3418 3338 3471 cum
3384 3393 3627 3471 instet
3679 3392 3890 3469 aeris

1110 3560 1148 3598 «
1192 3525 1743 3623 inclemencia,
1779 3542 2000 3605 tanta
2033 3527 2442 3635 ymbrium
2473 3529 2943 3636 intemperie
2984 3527 3513 3619 concomitata
3539 3587 3559 3625 ,
3601 3545 3692 3606 ut
3724 3553 3894 3605 cer-

1111 3697 1150 3737 <1
1192 3664 1420 3760 nitis,
1465 3659 1684 3771 quod
1719 3662 2083 3771 pugilum
2144 3664 2587 3772 papiliones
2648 3666 2784 3744 vix
2846 3665 3161 3773 possint
3213 3659 3610 3742 stillicidia
3669 3661 3895 3741 cohi-

1114 3833 1150 3873 «
1193 3799 1419 3896 bere,
1452 3796 1913 3878 condicioni
1939 3801 2434 3911 acquiescere
2461 3799 2797 3908 dignum
2819 3798 3053 3879 duco.
3087 3801 3198 3879 Et
3217 3800 3575 3907 quamvis
3599 3782 3681 3877 in
3715 3798 3899 3877 hos-

1114 3970 1152 4008 α
1190 3954 1352 4015 tem
1389 3931 1803 4042 pugnandi
1847 3933 2166 4016 avidum
2231 3964 2374 4017 vos
2430 3965 2598 4017 non
2643 3964 2925 4044 negem
2956 3996 2976 4035 ,
3034 3931 3324 4015 addam
3371 3952 3633 4027 tamen
3667 3995 3687 4033 ,
3745 3930 3894 4015 sub

1114 4105 1153 4146 c<
1193 4072 1688 4152 correctione
1718 4073 2117 4169 omnium,
2154 4070 2377 4185 quod
2421 4073 2590 4181 ejus
2642 4073 3027 4181 sanguine
3068 4099 3243 4153 non.
3274 4072 3519 4181 egetis
3538 4133 3560 4170 ,
3599 4098 3894 4180 vosque

1115 4241 1154 4281 α
1195 4203 1536 4286 reddent
1616 4235 1759 4314 per
1817 4208 2039 4289 orbis
2084 4208 2400 4289 climata
2456 4210 2871 4290 clariorem
2928 4237 3219 4317 pacem
3265 4208 3562 4320 absque
3615 4234 3898 4287 cruore

1116 4378 1154 4417 a
1193 4343 1543 4423 humano
1597 4346 2021 4452 acquisisse
2076 4374 2321 4456 quam
2379 4376 2561 4427 cum
2621 4374 2717 4426 eo
2774 4345 3024 4426 multa
3077 4345 3333 4446 milia,
3382 4375 3568 4426 cum
3623 4370 3896 4499 pacem

1116 4513 1154 4552 (ι
1194 4477 1525 4576 offerat,
1569 4477 1974 4558 occidisse.
2010 4514 2049 4554 2>

1230 4613 1346 4691 Ex
1389 4630 1581 4692 tunc
1615 4614 1698 4691 in
1743 4613 1989 4694 oculis
2023 4615 2229 4724 regis
2270 4633 2352 4697 et
2390 4618 3086 4699 circumstancium
3117 4618 3573 4727 principum
3602 4617 3900 4726 legacio

1112 4748 1624 4859 acceptabilis
1694 4747 1861 4828 visa
1930 4767 2049 4831 est
2068 4812 2090 4849 ‚
2146 4769 2228 4835 et
2293 4778 2437 4835 rex
2498 4752 2716 4866 quod
2790 4752 3264 4863 poscebatur
3332 4754 3649 4852 annuit,
3711 4751 3903 4833 dum
