4666 6014
1082 711 1228 784 600
1574 702 2259 779 CHRONIGORUM
2301 702 2659 777 KAROLI
2709 701 2997 777 813.le
3043 702 3223 777 LlB.
3277 699 3383 775 X.

1084 859 1285 971 quin
1303 917 1323 955 ,
1366 873 1624 964 nuper
1662 854 1998 935 Francie
2025 852 2640 934 conestabularii
2658 914 2679 954 ‚
2717 880 2904 962 rege
2930 852 3265 963 jubente
3286 911 3308 951 ‚
3351 848 3869 960 parabantur,

1084 1023 1284 1105 quas
1316 993 1725 1102 hucusque
1758 989 2198 1072 retardatas
2228 990 2540 1071 nobiles
2577 1017 2764 1099 egre
2800 985 3299 1099 pertulerant
3316 1050 3336 1087 ‚
3368 986 3868 1069 attendentes

1081 1139 1473 1244 quantum
1514 1129 2012 1239 temporibus
2064 1129 2227 1209 suis
2283 1156 2536 1237 regno
2606 1127 2940 1208 Francie
2995 1121 3484 1237 profecisset.
3553 1123 3726 1205 Hac
3773 1123 3873 1204 de

1083 1297 1319 1350 causa
1371 1284 1626 1349 totam
1688 1265 2187 1347 nobilitatem
2245 1266 2594 1348 militum
2649 1283 3159 1376 aggregatam
3207 1263 3324 1346 ibi
3359 1292 3502 1345 rex
3556 1259 3877 1345 ordina·

1082 1423 1307 1488 verat
1331 1406 1742 1504 interesse,
1771 1420 1896 1503 ut,
1930 1431 2169 1516 quem
2219 1404 2612 1485 viventem
2652 1402 3103 1486 dilexerant
3119 1466 3137 1503 ‚
3178 1419 3585 1486 mortuum
3627 1401 3876 1485 eciam

1085 1543 1401 1654 pietatis
1434 1541 1822 1654 obsequio
1853 1543 2365 1650 prevenirent
2380 1601 2401 1641 ‚
2434 1558 2514 1622 et
2537 1542 3087 1649 experimento
3113 1539 3511 1621 discerent
3541 1554 3877 1648 propter

1086 1661 1551 1765 fidelitatem
1580 1676 2142 1761 inviolabiliter
2168 1697 2557 1766 servatam
2593 1678 2835 1763 fimus
2863 1678 3034 1798 ejus
3063 1705 3290 1767 more
3320 1678 3546 1794 regio
3588 1677 3876 1756 merito

1088 1817 1677 1902 honorandum.

1202 1956 1300 2035 In
1367 1955 1597 2036 chori
1664 1953 1985 2063 quidem
2058 1953 2328 2036 medio
2384 1955 2941 2064 religiosorum
2998 1953 3385 2034 feretrum
3458 1950 3879 2032 fimereum

1091 2091 1350 2202 palliis
1397 2108 1864 2202 coopertum
1917 2092 2186 2172 sericis
2226 2091 2719 2192 habebatur-3
2780 2090 3001 2203 quod
3056 2088 3384 2203 quidem
3429 2087 3723 2198 capella
3761 2104 3878 2168 te·

1092 2230 1330 2340 gebat
1384 2230 1650 2340 lignea
1701 2226 2044 2339 desuper
2093 2231 2340 2311 cereis
2394 2248 2476 2312 et
2513 2230 2848 2311 torchiis
2888 2225 3358 2309 ardentibus
3396 2225 3657 2336 plena.
3699 2226 3877 2328 Que

1088 2365 1416 2476 quidem
1462 2367 1886 2447 luminaria
1925 2369 2014 2449 in
2054 2396 2351 2478 magno
2389 2366 2617 2448 valde
2657 2394 2993 2449 numero
3027 2394 3172 2477 per
3205 2364 3526 2452 ecclesie
3554 2362 3882 2449 interio-

1090 2532 1260 2585 rem
1328 2503 1718 2589 ambitum
1780 2522 2186 2604 arserunt,
2255 2502 2642 2615 quamdiu
2690 2503 3046 2585 officium
3108 2501 3427 2584 duravit
3492 2500 3872 2589 funerale‚

1031 2703 1037 2710 -
1090 2641 1303 2723 Toto
1334 2640 1675 2727 durante
1715 2644 2022 2751 spacio,
2056 2642 2411 2751 'insignes
2449 2640 2763 2724 domini
2801 2641 3169 2722 Oliverus
3201 2638 3880 2722 conestabularius

1092 2780 1425 2868 Francie
1447 2843 1467 2879 ,
1507 2777 1960 2868 Ludovicus
2004 2778 2227 2860 Sacri
2276 2780 2589 2863 Cesaris
2608 2841 2630 2881 ‚
2691 2780 3190 2862 marescallus
3227 2780 3291 2859 F
3293 2779 3600 2873 rancie,
3651 2776 3879 2857 Muto

1089 2914 1193 2995 de
1250 2914 1661 3000 Blainvilla
1710 2943 1896 2995 cum
1953 2915 2243 2995 comite
2299 2914 2403 2995 de
2460 2917 2961 3027 Longavilla‚
3012 2916 3263 2998 fratre
3317 2912 3513 2996 dicti
3569 2914 3879 2997 domini

1100 3053 1559 3150 Bertranni,
1609 3070 1692 3134 et
1752 3052 2020 3135 multis
2071 3052 2247 3134 aliis
2295 3056 2664 3164 personis
2714 3052 3206 3137 notabilibus
3244 3056 3332 3134 in
3389 3048 3888 3135 vestimentis·

1091 3184 1570 3299 lugubribus
1604 3206 1690 3270 et
1735 3189 2176 3273 amicorum
2227 3190 2450 3271 luctu
2501 3189 2904 3301 deputatis
2952 3202 3529 3303 persteterunt3
3571 3192 3714 3306 qui
3759 3219 3879 3272 se-

1090 3326 1367 3438 quenti
1422 3323 1556 3407 die
1612 3324 2072 3408 oblaciones
2109 3325 2461 3407 fimereis
2514 3328 2995 3413 militaribus
3056 3347 3281 3453 aptas
3299 3390 3321 3431 ‚
3382 3326 3727 3419 necdum
3794 3330 3881 3409 in

1094 3463 1582 3544 monasterio
1610 3463 1815 3543 visas
1837 3523 1859 3563 ‚
1898 3463 2163 3544 taliter
2199 3465 2777 3586 persolverunt.

1206 3600 1656 3683 Solemnem
1720 3599 2115 3715 siquidem
2176 3620 2259 3696 et
2328 3604 2929 3697 conventualem
3004 3607 3324 3696 missam
3385 3605 3883 3691 Autissiodo-

1094 3740 1349 3819 rensis
1387 3738 1810 3848 episcopus
1859 3740 2295 3848 suscipiens
2342 3739 2897 3824 celebrandam
2917 3802 2939 3843 ‚
2974 3772 3158 3841 cum
3207 3742 3310 3825 ad
3347 3741 3882 3826 offertorium

1095 3876 1621 3983 pervenisset,
1654 3875 1900 3956 altare
1936 3873 2308 3958 deserens
2324 3938 2347 3976 ,
2383 3905 2566 3960 cum
2590 3907 2774 3989 rege
2798 3906 3047 3990 usque
3064 3879 3166 3962 ad
3193 3883 3618 3963 introitum
3651 3883 3878 3966 chori

1098 4037 1565 4119 progressus
1620 4029 1773 4110 est,
1812 4010 1956 4092 ubi
2003 4010 2107 4092 ad
2146 4040 2425 4094 eorum
2458 4018 2990 4125 presenciam,
3044 4019 3265 4098 omni
3298 4047 3587 4128 genere
3614 4049 3875 4103 armo-
3979 4121 3986 4128 ⁶

974 4236 983 4247 ‚
1097 4176 1281 4228 rum
1308 4149 1921 4230 conestabularii
1951 4148 2344 4233 deffuncti
2373 4152 2638 4236 taliter
2676 4154 3073 4265 insigniti,
3114 4174 3208 4238 ut
3238 4158 3464 4268 quasi
3503 4157 3673 4268 ejus
3711 4188 3882 4242 cor·

1099 4286 1452 4393 poralem
1538 4290 2025 4398 presenciam
2113 4286 2758 4375 demonstrarent
2778 4356 2799 4392 ‚
2878 4294 3033 4374 viri
3108 4313 3456 4408 quatuor
3535 4302 3882 4410 equestri

1101 4421 1386 4506 ordine
1440 4442 1958 4506 accesserunt.
2012 4426 2630 4512 Precedentibus
2689 4430 2824 4510 alii
2887 4447 3236 4543 quatuor
3302 4453 3842 4518 successerunt
3859 4500 3879 4537 ,

1099 4561 1240 4670 qui
1271 4561 1555 4643 vexilla
1585 4559 1973 4642 deffuncti
1992 4624 2012 4661 ‚
2062 4564 2356 4674 quibus
2399 4568 2758 4677 repetitis
2798 4568 3105 4651 vicibus
3141 4570 3411 4653 hostes
3449 4591 3840 4658 terruerat
3861 4640 3880 4674 ‚

1097 4693 1621 4797 defferebant‚
1653 4697 2076 4805 dextrariis
2106 4704 2347 4811 regiis
2378 4702 2860 4814 insedentes,
2900 4709 3168 4790 ornati
3189 4711 3431 4795 armis
3464 4710 3885 4813 deffumfi,

1101 4862 1303 4946 quos
1358 4863 1502 4946 per
1558 4838 2156 4947 imposicionem
2210 4869 2590 4931 manuum
2635 4874 2876 4955 super
2929 4847 3187 4956 capita
3248 4850 3666 4961 episcopus
3707 4879 3884 4962 pre-
