4666 6014
1080 631 1220 702 440
1345 698 1351 704 ,
1547 624 2230 699 CHRONICORUM
2280 622 2639 697 KAROLI
2689 622 2973 697 SEXTI
3024 624 3201 700 LIB.
3256 621 3384 699 111.
3434 652 3442 663 ·

1077 778 1418 876 intrare,
1454 776 1560 855 ab
1603 776 2127 855 interioribus
2161 792 2430 856 tamen
2478 775 3028 884 potentissime
3061 775 3377 886 repulsa
3401 776 3459 853 ¹.
3502 766 3868 853 Necdum

1076 932 1430 995 cessante
1480 912 1791 1011 furore,
1847 943 2066 1013 cum,
2101 912 2204 993 ad
2252 913 2679 993 clamorem
2710 913 3051 994 forsitan
3102 912 3821 1023 abjectissimorum
3846 972 3864 1005 ,

1076 1052 1440 1130 omnium
1475 1052 1943 1161 nequissimi
1976 1048 2268 1132 Judeos
2301 1051 2455 1131 sub
2485 1052 2985 1131 immunitate
3021 1053 3229 1159 regis
3261 1043 3634 1157 degentes
3662 1048 3867 1128 sicut

1073 1188 1262 1267 alias
1297 1189 1804 1287 invasissent,
1848 1217 1939 1268 ac
1982 1164 2413 1268 nonnullos
2455 1187 2971 1287 occidissent,
3017 1187 3559 1299 preciosarum
3597 1214 3866 1265 rerum

1069 1325 1492 1409 mobilium
1558 1327 1867 1434 ingenti
1931 1324 2177 1436 preda
2244 1342 2563 1433 peracta
2588 1388 2606 1425 ,
2671 1324 2772 1405 ad
2836 1325 3239 1406 cumulum
3299 1352 3436 1404 sue
3492 1322 3817 1403 infamie
3846 1384 3864 1419 ,

1072 1462 1406 1544 domum
1449 1464 1750 1571 regiam
1800 1492 1970 1546 non
2014 1463 2250 1545 veriti
2279 1481 2470 1542 sunt
2521 1462 2854 1563 violare,
2907 1464 3207 1545 crimen
3248 1461 3403 1542 lese
3432 1461 3866 1570 majestatis

1070 1602 1360 1680 iterum
1401 1599 1916 1681 incurrendO.
2719 1610 2726 1616 ’

1188 1737 1393 1816 Sane
1453 1738 1541 1816 in
1597 1738 1988 1818 concione
2039 1735 2347 1846 prefata
2413 1737 2663 1817 multi.
2718 1739 3133 1818 criminosi
3192 1756 3458 1836 erant,
3521 1765 3866 1850 quorum

1072 1876 1495 1986 complices
1535 1877 2019 1956 tenebantur
2063 1876 2147 1955 in
2193 1875 2534 1956 Castello
2560 1879 2590 1921 ²
2644 1879 2906 1985 regi03
2962 1876 3066 1957 ad
3111 1906 3346 1989 quem
3380 1877 3646 1956 locum
3685 1905 3864 1955 cum

1071 2013 1445 2096 stolidam
1499 2013 2100 2095 multitudinem
2154 2012 2711 2114 adduxissent,
2765 2045 2957 2096 mox
3013 2015 3363 2096 effractis
3416 2013 3863 2124 ergastuliS,

1068 2154 1235 2232 fere
1291 2150 1680 2232 ducentos
1739 2152 2146 2252 homines,
2206 2153 2346 2262 qui
2394 2181 2528 2232 ere
2579 2153 2846 2233 alieno
2902 2155 3205 2262 gravati
3259 2154 3381 2234 vel
3438 2155 3862 2233 criminum

1070 2289 1529 2399 capitalium
1554 2291 1782 2370 noxii
1814 2291 2335 2389 tenebantur,
2361 2290 2610 2370 libere
2643 2291 2865 2371 abire
2889 2293 3451 2401 permiserunt.
3484 2292 3864 2371 Excessus

1069 2456 1391 2540 quoque
1420 2429 1715 2508 similes
1753 2430 1839 2508 in
1874 2428 2326 2509 carceribus
2362 2430 2827 2509 Parisiensis
2859 2431 3218 2540 episcopi
3259 2446 3865 2539 perpetrarunt3

1066 2566 1209 2644 ubi
1257 2593 1439 2644 cum
1485 2567 1969 2675 reperissent
2022 2563 2443 2645 dominum
2490 2567 2915 2674 Hugonem
2968 2568 3353 2665 Aubriot‚
3415 2597 3672 2677 nuper
3713 2596 3866 2678 pro

1068 2701 1474 2782 demeritis
1509 2701 2222 2813 condempnatum,
2265 2704 2531 2813 ipsum
2565 2734 2747 2785 cum
2785 2703 3286 2785 exultacione
3334 2705 3714 2784 insolenti
3765 2705 3866 2785 ad

1071 2839 1401 2920 domum
1441 2871 1666 2922 suam
1708 2842 2196 2952 perducunt,
2242 2861 2662 2952 poscentes
2710 2861 2800 2924 ut
2843 2845 3302 2953 capitaneus
3345 2871 3624 2926 eorum
3657 2847 3865 2924 exis·

1066 2998 1307 3079 teret3
1367 2979 1585 3093 quod
1645 2984 1814 3092 ipse
1854 2973 2119 3061 ‘verbo
2178 2982 2499 3081 annuit,
2557 2983 2982 3063 immensas
3040 3000 3302 3090 grates
3371 3010 3661 3091 agens3
3728 2979 3866 3063 sed

1068 3116 1458 3198 modestia
1498 3121 1784 3218 animi,
1820 3119 1941 3199 vel
1975 3117 2442 3199 diffidencia
2488 3119 2745 3229 plebis
2776 3138 3080 3220 motus,
3117 3139 3437 3229 accepta
3472 3139 3860 3229 opportu-

1068 3257 1319 3335 nitate
1341 3253 1729 3363 fugiendi‚
1758 3274 1994 3336 nocte
2017 3256 2168 3336 sub
2194 3256 2668 3366 intempesta
2694 3258 3035 3338 recessit.
3060 3257 3532 3371 Miserorum
3557 3285 3868 3367 semper

1069 3395 1477 3475 crescebat
1519 3422 1934 3492 numerus,
1981 3424 2324 3507 quorum
2362 3383 2693 3507 vestigia
2725 3396 2893 3475 fere
2933 3395 3557 3478 innumerabiles
3588 3425 3866 3510 seque-

1066 3533 1391 3630 bantur,
1422 3561 1592 3611 non
1622 3530 1991 3612 imitandi
2023 3535 2315 3641 gracia,
2354 3532 2491 3613 sed
2527 3536 3158 3615 commocionem
3190 3535 3593 3616 insolitam
3622 3532 3869 3616 admi-

1067 3668 1353 3749 rando.
1382 3667 1650 3767 Unde,
1684 3699 1785 3750 ne
1804 3689 2045 3750 nocte
2064 3689 2445 3783 sequente
2475 3670 2672 3785 quid
2699 3675 3205 3753 enormitatis
3229 3691 3558 3781 agerent
3584 3690 3866 3753 contra

1069 3810 1277 3888 cives
1295 3870 1316 3906 ,
1342 3810 2011 3920 quinquagenarii
2037 3828 2118 3889 et
2139 3814 2634 3918 sexagenarii
2664 3810 2936 3891 decem
2959 3812 3178 3892 milia
3202 3812 3493 3891 civium
3516 3826 3863 3890 armato-

1066 3973 1247 4024 rum
1279 3944 1382 4025 ad
1424 3973 1774 4054 unguem
1805 3947 2317 4056 collegerunt.
2355 3949 2491 4027 Hii
2525 3948 2790 4029 modis
2820 3951 3196 4030 omnibus
3228 3965 3817 4066 temptaverunt
3844 4009 3862 4045 ,

1069 4099 1157 4163 ut
1193 4083 1418 4194 plebs
1455 4085 1569 4162 sic
1607 4084 1837 4164 furiis
1860 4069 2159 4193 agitata
2182 4086 2811 4196 resipisceret-ab
2839 4089 3202 4195 inceptis.
3236 4083 3621 4165 Videntes
3646 4084 3864 4197 quod

1065 4215 1330 4304 verbis
1374 4221 1688 4302 lenibus
1740 4251 2007 4333 neque
2058 4222 2313 4323 flecti,
2365 4225 2625 4336 neque
2675 4225 3079 4336 quiescere
3118 4240 3449 4333 possent
3488 4220 3679 4302 viles
3726 4222 3866 4301 ho-

1065 4360 1322 4449 mines
1376 4359 1706 4468 prefati,
1763 4359 2141 4441 adversus
2197 4364 2728 4442 temeritatem
2768 4379 3071 4442 certare
3112 4389 3280 4440 non
3328 4360 3665 4470 placuit;
3725 4356 3863 4436 sed

1062 4525 1259 4579 suos
1274 4527 1418 4608 per
1447 4499 1818 4581 cohortes
1848 4501 1935 4580 in
1965 4500 2193 4581 urbis
2224 4500 2461 4582 biviis
2487 4518 2567 4580 et
2593 4498 3035 4610 quadriviis
3066 4498 3690 4596 distribuerunt,
3725 4497 3861 4607 qui

1020 4733 1029 4742 β
1064 4661 1344 4716 eorum
1383 4638 1795 4720 violenciis
1815 4701 1834 4739 ,
1869 4641 1936 4718 si
1978 4658 2514 4749 emergerent,
2548 4640 2858 4720 viribus
2889 4639 3340 4719 obviarent.
3385 4636 3641 4714 Nocte
3675 4659 3864 4713 vero

1138 4849 1153 4873 ²
1198 4842 1370 4898 Van.-
1392 4858 1455 4898 η’
1472 4841 1635 4919 5960,
1656 4842 1757 4899 sol.
1784 4847 1845 4912 4¹
1878 4863 1952 4914 v.,
1981 4846 2207 4919 repulsi.
2569 4848 2588 4872 ²
2632 4844 2774 4900 Var-
2800 4867 2815 4896 .·
2855 4851 2918 4898 η’
2945 4838 3124 4917 5960,
3150 4840 3249 4898 sol.
3280 4844 3344 4907 41
3372 4857 3450 4908 v.,
3471 4836 3791 4894 castelleto.
