4666 6014
1274 637 1412 707 us
1758 576 2446 703 cnaomconom
2493 625 2853 699 {cason
2903 625 3188 702 snm
3239 628 3417 703 us.
3467 630 3570 702 n..

1383 1029 1566 1127 Qua
1599 1026 1832 1132 copia
1858 1023 2108 1106 fultus
2143 1023 2562 1131 Philippus
2596 1024 2949 1131 prefatus
2968 1087 2987 1123 ,
3018 1042 3099 1105 et
3131 1024 3234 1104 ad
3276 1028 3712 1135 perniciem
3749 1026 4061 1106 comitis

1273 1162 1652 1242 anhelans
1693 1156 2039 1259 avidius,
2080 1161 2267 1241 ilico
2306 1159 2571 1240 villam
2603 1158 2703 1241 de
2735 1161 3056 1269 BrugiS,
3105 1164 3397 1242 mirum
3433 1162 3690 1262 dictu,
3727 1190 3893 1243 non
3932 1191 4065 1243 ex-

1276 1317 1630 1408 pectatus
1652 1361 1670 1396 ,
1713 1299 2015 1408 absque
2054 1299 2505 1378 resistencia
2546 1325 2727 1381 cum
2778 1316 3004 1407 parte
3036 1328 3364 1379 suorum
3397 1301 3761 1380 introivit
3805 1303 3889 1379 in
3934 1298 4064 1378 die

1273 1436 1850 1544 solempnitatis
1888 1432 2375 1515 Sacramenti
2414 1438 2923 1515 sacrosancti.
2970 1436 3153 1542 Ipsa
3198 1434 3372 1535 die,
3411 1438 3614 1516 sicut
3653 1435 3818 1515 fida
3858 1432 4058 1516 rela-

1274 1577 1501 1653 cione
1553 1573 1936 1682 cognovi,
1994 1576 2077 1651 in
2138 1570 2434 1655 divinis
2487 1571 2858 1653 laudibus
2916 1574 3354 1681 Brugenses
3405 1576 3807 1683 occupati,
3869 1572 4060 1652 dum

1236 1740 1453 1792 cum
1470 1711 1863 1817 solempni
1890 1710 2405 1818 processione
2429 1710 2904 1817 sanguinem
2929 1709 3238 1789 Christi
3265 1710 3828 1791 miraculosum
3855 1707 4059 1789 defe-

1272 1848 1594 1943 rebant,
1632 1847 1900 1926 hostes
1918 1904 1939 1942 ,
1982 1846 2139 1925 sub
2193 1863 2562 1952 pretextu
2613 1847 3012 1958 oracionis
3031 1906 3051 1943 ,
3110 1846 3261 1926 sub
3293 1846 3756 1955 gregalibus
3793 1865 4058 1927 tamen

1270 2004 1347 2064 et
1388 1984 1678 2063 vilibus
1718 1984 2210 2063 vestimentis
2244 1982 2573 2078 armati,
2605 1984 3038 2063 naccessive
3068 1982 3172 2062 ad
3215 1981 3380 2062 dno
3422 1984 3639 2063 milia
3675 2010 4061 2064 convene·-
4145 1970 4150 1975 ⁹

1272 2139 1465 2200 runt
1514 2124 1596 2198 in
1650 2136 2080 2199 mercatum
2102 2180 2122 2216 ,
2167 2136 2249 2197 et
2293 2116 2396 2196 ad
2446 2146 2663 2197 arma
2701 2116 2979 2197 subito
3021 2119 3655 2199 exclamaverunt
3716 2123 4058 2228 ingemi-

1271 2256 1545 2336 nando
1586 2254 1695 2335 ad
1736 2272 2103 2334 mortem.
2159 2255 2543 2354 Quamvis
2594 2256 3016 2361 repentina
3056 2256 3320 2365 sepius
3360 2258 3666 2335 animos
3715 2256 4057 2335 forcium

1269 2396 1518 2472 eciam
1548 2395 1903 2471 virorum
1939 2394 2456 2487 concuciant,
2502 2418 2763 2470 comes
2794 2408 3060 2470 tamen
3090 2393 3173 2470 in
3209 2395 3540 2471 instanti
3572 2394 3776 2471 vires
3817 2395 4061 2472 recol-

1269 2531 1520 2636 ligens
1558 2558 1741 2608 suos
1770 2530 2056 2607 iterum
2081 2518 2489 2624 adunavit,
2514 2545 2593 2605 et
2616 2527 2910 2606 bellum
2933 2530 3210 2607 statuit
3247 2530 3593 2637 experiri
3616 2558 3635 2626 ;
3676 2524 4054 2627 sed-mox,

1273 2686 1362 2745 ut
1407 2669 1665 2773 priuS,
1706 2666 1957 2744 victus
2004 2664 2161 2743 fuit
2203 2692 2388 2742 cum
2434 2665 2597 2742 suis
2638 2664 3013 2743 omnibus
3054 2681 3133 2743 et
3179 2663 3521 2771 fugatus.
3568 2660 3697 2745 Sic
3742 2684 4060 2773 peracta

1271 2805 1646 2899 victoria,
1688 2800 2059 2880 nonnulli
2092 2798 2418 2883 domum
2464 2801 2776 2879 comitis
2810 2818 3137 2906 repente
3171 2803 3691 2897 introierunt,
3730 2803 4060 2911 ingemi-

1276 2959 1559 3023 nantes
1600 2937 1703 3020 ad
1754 2956 2135 3035 mortem;
2190 2935 2411 3048 quod
2471 2937 2599 3017 ille
2657 2936 2992 3018 audiens
3053 2954 3135 3017 et
3187 2966 3324 3019 sue
3384 2956 3738 3021 metuens
3788 2940 4056 3040 saltui,

1274 3081 1475 3159 clam
1518 3106 1663 3186 per
1693 3077 2076 3157 fenestras
2117 3074 2459 3153 elabimr
2498 3093 2576 3155 et
2617 3076 2702 3152 in
2747 3072 3080 3154 domum
3117 3074 3533 3183 cujusdam
3579 3079 4059 3187 paupercule

1276 3215 1510 3295 vidue
1546 3243 1629 3294 se
1664 3211 2127 3309 abscondit,
2162 3210 2458 3307 donec,
2505 3209 3201 3320 advesperascente
3231 3210 3402 3310 die,
3450 3213 3664 3292 solus
3710 3211 4058 3294 Insulam

1272 3354 1519 3463 peciit
1553 3369 1634 3430 et
1668 3350 2000 3458 aufugit.
2043 3351 2163 3428 De
2200 3350 2569 3427 evasione
2602 3350 2915 3427 comitis
2954 3347 3521 3429 Gandavenses
3557 3350 3901 3430 nimium
3942 3354 4060 3430 in-

1275 3490 1742 3598 dignantur,
1792 3517 2031 3601 quam
2086 3487 2623 3595 Brugensibus
2674 3488 3190 3618 imputantes,
3240 3516 3428 3566 mox
3470 3506 3910 3598 properant
3956 3487 4058 3568 ad

1273 3626 1752 3724 vindictam,
1806 3626 2231 3736 multisque
2282 3652 2382 3703 ex
2431 3625 2541 3704 eis
2583 3626 2817 3721 cesis,
2871 3622 3151 3703 eodem
3207 3623 3537 3705 instanti
3587 3625 3744 3704 late
3794 3625 4060 3704 villam

1278 3765 1792 3874 populantur,
1825 3765 2036 3843 bona
2069 3763 2498 3843 multorum
2549 3759 2885 3841 divitum
2926 3780 3404 3870 rapuerunt,
3440 3779 3818 3870 tanquam
3850 3759 4058 3842 bello

1275 3904 1694 4012 acquisita,
1746 3903 2036 4014 quibus
2086 3902 2560 3984 mirabiliter
2622 3899 2898 3998 ditati,
2941 3900 3421 3994 ,Gandavum
3479 3902 3768 3980 iterum
3826 3928 4060 4009 repe-

1279 4059 1611 4118 clerunt.

2234 4204 2919 4289 CAPITULUM
2979 4208 3125 4288 VI.

1640 4417 1862 4477 Ducem
1895 4415 2378 4498 Andegavensem
2402 4419 2618 4499 regina,
2635 4399 2826 4477 Sicilie
2854 4417 2918 4476 in
2947 4435 3333 4475 successorem
3360 4415 3678 4496 adoptavit.

1386 4622 1646 4729 Hujus
1700 4621 1889 4700 libri
1947 4619 2495 4701 continuando
2557 4620 2831 4700 titulos
2883 4621 3289 4729 capitales,
3358 4620 3689 4729 dignum
3751 4635 3870 4698 est
3928 4637 4052 4714 ut,

1273 4762 1477 4851 sicut
1516 4757 1840 4839 domine
1870 4760 2274 4857 Johanne,
2308 4759 2739 4842 Jerusalem
2768 4778 2848 4840 et
2887 4759 3153 4839 Sicilie
3187 4761 3459 4866 regine
3479 4819 3498 4856 ‚
3540 4786 3630 4836 ac
3663 4756 4055 4836 comitisse
