4666 6014
1160 717 1256 786 90
1654 705 2338 783 CHRONICORUM
2383 705 2741 780 KAROLI
2789 706 3072 781 sExrrl
3122 709 3297 781 ΠΒ.
3351 709 3444 779 11.

1161 879 1495 972 propter
1526 859 1996 939 violenciam
2036 855 2203 938 dux
2242 858 2714 939 electionem
2739 858 3058 938 Urbani
3104 856 3626 967 reprobabat,
3684 873 3762 934 et
3803 884 3950 964 per

1159 996 1680 1079 eamdemmet
1743 995 1953 1075 viam
2028 995 2499 1076 electionem
2559 996 2998 1076 ‘Clementis
3074 994 3528 1105 approbare
3598 993 3944 1101 compel-

1158 1136 1393 1216 lebat.
3311 1132 3316 1137 ’

1265 1269 1394 1351 Ad
1419 1268 1616 1383 quid
1642 1269 1920 1380 plura?
1941 1270 2089 1350 hec
2115 1290 2194 1353 et
2226 1272 2546 1353 infinita
2576 1269 2944 1353 scandala
2976 1268 3518 1378 procedebant
3549 1297 3648 1346 ex
3679 1264 3943 1345 radice

1154 1405 1783 1517 nephandissimi
1815 1408 2206 1489 scismatis
2239 1412 2325 1489 in
2347 1409 2694 1490 Ecclesia
2735 1409 3110 1516 vigentis,
3146 1434 3385 1518 quam
3418 1394 3706 1514 prefati
3748 1431 3942 1481 con-

1153 1544 1600 1643 tendentes,
1643 1548 1828 1654 igne
1879 1546 2360 1629 ambicionis
2399 1547 2741 1643 accensi,
2785 1542 3020 1627 velud
3059 1545 3465 1627 inventmn
3511 1543 3600 1622 in
3645 1540 3942 1649 prosti-

1147 1681 1338 1760 bulo
1379 1681 1845 1762 nitebantur
1872 1679 2357 1782 distrahere;
2384 1681 2601 1763 unde
2641 1682 2884 1763 verba
2923 1682 3242 1761 satirica
3277 1676 3377 1758 de
3415 1679 3608 1785 ipsis
3643 1677 3942 1787 ubique

1149 1817 1879 1926 componebantur3
1922 1835 2003 1897 et
2046 1819 2214 1927 jam
2247 1817 2550 1899 fiebant
2592 1821 2680 1898 in
2726 1817 3080 1897 derisum
3116 1817 3351 1937 ‚omni
3394 1813 3696 1923 populo
3733 1830 3942 1891 terre

1146 1972 1225 2032 et
1248 1980 1529 2033 eorum
1564 1956 1966 2033 canticum
2007 1972 2179 2033 tota
2208 1952 2364 2033 die.

1267 2090 1600 2168 Interim
1670 2087 1865 2168 dum
1926 2093 2174 2168 trium
2245 2094 2641 2169 mensium
2705 2091 2978 2197 spacio
3056 2089 3201 2167 hec
3269 2104 3614 2193 aguntur
3645 2147 3663 2178 ,
3734 2113 3939 2192 papa

1145 2225 1505 2304 Clemens
1566 2225 2196 2305 benivolenciam
2265 2226 2475 2332 regis
2536 2242 2615 2303 et
2681 2250 3107 2335 procerum
3161 2224 3548 2334 obsequio
3611 2223 3937 2330 cupiens

1145 2363 1588 2470 promereri
1621 2424 1640 2460 ,
1715 2359 2106 2441 decimam
2185 2359 2692 2441 ecclesiarum
2770 2360 2964 2473 ipsis
3034 2360 3283 2439 libere
3344 2355 3937 2468 percipiendam

1106 2498 1556 2579 .c0ncessit.
1615 2498 1881 2599 Quam
1939 2516 2133 2577 tunc
2195 2525 2340 2607 per
2402 2496 2780 2577 officiales
2836 2514 2918 2576 et
2965 2497 3377 2575 ministros
3430 2493 3726 2602 regales
3785 2495 3936 2572 viri

1144 2633 1643 2713 ecelesiastici
1687 2631 1991 2713 solvere
2031 2632 2420 2740 compulsi
2455 2651 2671 2717 sunt.
2707 2633 2814 2715 Et
2852 2657 3310 2745 quanquam
3347 2631 3578 2711 multi
3623 2658 3898 2709 eorum
3914 2692 3933 2726 ,

1144 2787 1477 2877 urgente
1517 2770 1980 2855 necessitate
1998 2831 2016 2867 ,
2071 2766 2173 2851 ad
2208 2770 2383 2880 ejus
2415 2769 2903 2851 solucionem
2941 2768 3206 2878 primo
3235 2794 3329 2847 se
3371 2766 3936 2875 opposuissem

1144 2903 1623 3015 appellando
1651 2964 1671 3002 ,
1735 2920 1954 2986 metu
2014 2923 2281 2985 tamen
2344 2905 2861 2987 dominorum
2924 2903 3579 3016 opposicionibus
3644 2905 3934 2982 iterum

1144 3045 1726 3141 renunciantes,
1758 3042 2085 3123 tandem
2109 3043 2496 3153 gallicana
2513 3044 2854 3124 Ecclesia
2883 3044 3079 3153 jugo
3109 3044 3290 3141 ist0,
3321 3043 3677 3153 quamvis
3709 3041 3934 3120 intol-

1144 3179 1489 3279 lerabili,
1531 3208 1614 3261 se
1643 3181 2040 3261 submisit.
2491 3165 2496 3172 ’

2095 3437 2763 3517 CAPITULUM
2821 3441 2980 3516 111.

1467 3670 1602 3728 Dux
1631 3667 1876 3745 Biturie,
1912 3672 2062 3752 regis
2090 3685 2370 3756 patruus,¹
2387 3687 2578 3734 custos
2608 3676 2972 3736 constituitur
2999 3674 3306 3756 Aquitanie
3335 3673 3596 3734 ducatus.

1254 3895 1474 3976 Sicut
1508 3899 1598 3978 in
1633 3902 1839 4008 regis
1870 3919 1950 3980 et
1982 3906 2211 4012 regni
2246 3906 2673 4012 regimine,
2716 3903 3168 4014 Andegavie
3201 3922 3436 4015 atque
3469 3898 3926 4006 Burgundie

1142 4030 1378 4112 duces
1440 4036 1948 4143 singulariter
2006 4039 2568 4149 presidebant,
2616 4043 2730 4124 sic
2780 4069 3060 4124 eorum
3108 4041 3357 4122 frater
3413 4037 3714 4118 Bimnie
3760 4033 3926 4114 dux

1140 4186 1219 4250 et
1259 4198 1523 4252 comes
1560 4173 1901 4256 Pictavie
1922 4238 1946 4275 ,
1978 4181 2309 4287 cupiens
2348 4205 2589 4289 super
2631 4178 2977 4288 reliquos
3013 4178 3416 4288 principes
3458 4173 3926 4253 auctoritate

1135 4306 1417 4412 potiri,
1436 4326 1528 4387 et
1558 4309 1774 4391 unde
1802 4311 1961 4392 sibi
1993 4316 2355 4423 ingentes
2381 4333 2649 4426 posset
2680 4339 3146 4396 coacervare
3170 4312 3591 4423 peccunias
3617 4373 3634 4406 ,
3676 4311 3929 4418 preci·

1136 4440 1287 4520 bus
1309 4459 1388 4521 et
1417 4443 1869 4527 interventu
1901 4447 2211 4530 domini
2231 4451 2850 4560 AndegavensiS,
2881 4465 2972 4530 ut
2999 4465 3268 4530 custos
3284 4448 3714 4559 Aquitanie
3737 4471 3926 4522 con-

1137 4577 1596 4706 stitueretur
1634 4612 1679 4663 a
1733 4613 1918 4693 rege
1952 4589 2195 4700 peciit
2251 4609 2330 4669 et
2380 4587 2859 4702 impetravit.
2916 4587 3080 4688 Qui
3135 4585 3453 4666 secretis
3508 4579 3925 4690 colloquiis

1138 4715 1678 4798 interl-uerunt
1722 4749 1960 4830 super
2012 4726 2166 4810 hoc
2210 4723 2665 4826 celebratis,
2728 4723 3010 4806 ducem
3049 4723 3336 4842 ipsum‘
3355 4720 3710 4802 referunt
3749 4743 3928 4826 per-

1138 4849 1547 4934 suadendo
1588 4853 1882 4938 dixisse
1915 4864 2142 4968 regni
2182 4862 2637 4943 uberiorem
2669 4862 2879 4942 illam
2915 4880 3263 4971 partem,
3311 4858 3534 4966 cujus
3566 4852 3922 4956 latissimi
