4666 6014
1062 680 1204 754 3⁰8
1544 670 2230 746 CHRONICORUM
2279 668 2638 743 KAcROLl
2687 667 2973 742 SEXTI
3020 669 3196 743 ΠΒ.
3252 666 3346 743 V.

1062 828 1150 905 in
1197 827 1671 903 immensum
1688 883 1707 921 ,
1758 848 1952 903 mox
1998 819 2100 901 ad
2149 818 2549 901 deteriora
2591 849 2677 899 se
2716 820 3092 928 protinus
3133 832 3735 914 converterunt,
3768 835 3848 895 et

1066 960 1488 1070 dyabolico
1538 959 1959 1055 instinctu,
2000 932 2216 1039 velut
2271 956 2499 1037 ferali
2549 956 2776 1036 rabie
2837 955 3119 1063 agitati
3138 1015 3159 1050 ‚
3216 931 3410 1032 viris
3442 952 3843 1033 ecclesias-

1062 1099 1240 1177 ticis
1259 1158 1279 1194 ,
1327 1096 1738 1176 nobilibus
1784 1124 1874 1174 ac
1919 1094 2567 1203 negociatoribus
2606 1091 2950 1203 publicis
2982 1108 3373 1201 ceperunt
3410 1089 3847 1184 adversari3

1066 1249 1146 1310 et
1205 1259 1421 1310 nunc
1471 1231 1776 1341 palam,
1823 1259 2042 1310 nunc
2083 1259 2181 1310 ex
2233 1229 2548 1310 insidiis
2613 1231 2700 1308 in
2747 1257 2882 1308 eos
2930 1229 3430 1336 insurgentes
3472 1254 3563 1305 ac
3613 1225 3851 1305 bonis

1067 1370 1441 1450 omnibus
1488 1369 1921 1479 spoliantes
1944 1431 1964 1466 ,
2017 1368 2414 1481 quosdam
2469 1368 3086 1464 exoculaverunt
3102 1429 3121 1467 ,
3175 1364 3568 1479 quosdam
3613 1393 3855 1444 mem·

1067 1505 1236 1585 bris
1293 1522 1870 1585 truncaverunt
1887 1566 1906 1603 ,
1966 1523 2048 1584 et
2097 1505 2608 1616 quamplures
2659 1507 2831 1584 sine
2878 1502 3428 1584 misericordia
3470 1502 3853 1613 patibulis

1070 1641 1524 1721 affixerunt.
1551 1642 2000 1722 Turmatim
2035 1631 2327 1721 iterum
2366 1659 2449 1730 et
2484 1669 2742 1751 prope
2773 1668 3062 1723 vesano
3097 1643 3401 1750 impetu
3440 1638 3598 1718 huc
3637 1638 3857 1718 illuc-

1070 1807 1225 1891 que
1272 1777 1729 1858 incedentes
1748 1840 1769 1875 ,
1823 1776 2228 1859 domicilia
2284 1807 2566 1858 eorum
2626 1779 3098 1887 campestria
3150 1775 3491 1855 flammis
3548 1776 3859 1884 injectis

1067 1916 1491 1996 voracibus
1545 1916 1632 1994 in
1681 1914 2028 1998 favillam
2075 1913 2586 2023 redigebant,
2633 1917 2788 1995 nisi
2831 1943 3023 1995 mox
3056 1912 3640 1994 redimerentur
3672 1940 3858 2022 pec-

1077 2055 1356 2133 cuniis.
1403 2054 1908 2164 Quocunque
1956 2081 2039 2132 se
2087 2051 2598 2135 divertebant
2612 2115 2631 2152 ,
2671 2072 2892 2133 metu
2939 2053 3224 2132 mortis
3266 2053 3473 2131 comi
3515 2050 3857 2160 excipie-

1073 2189 1372 2269 bantur
1412 2188 1682 2268 fronte
1704 2171 1742 2287 ;⁴
1778 2186 1918 2268 sed
1938 2250 1958 2285 ,
2013 2206 2107 2268 ut
2153 2192 2656 2270 communius
2675 2252 2695 2287 ,
2770 2187 3229 2271 recedentes
3247 2250 3268 2285 ,
3332 2207 3615 2268 contra
3676 2187 3861 2296 jura

1074 2326 1443 2435 gencium
1501 2326 1748 2405 eciam
1813 2325 2348 2407 barbarorum
2381 2388 2401 2426 ,
2474 2328 2617 2439 qui
2685 2356 2822 2408 eos
2896 2327 3337 2408 refecerant
3409 2323 3819 2435 dapsiliter
3839 2386 3857 2422 ,

1069 2461 1446 2543 violando
1486 2462 2113 2572 hospitalitatem
2131 2526 2151 2564 ,
2186 2463 2668 2575 spoliabant.

1180 2600 1332 2679 Per
1355 2599 1657 2679 vicinas
1684 2601 2537 2710 regiones'immanitas
2566 2603 3134 2685 sceleratorum
3161 2603 3559 2712 divulgata
3594 2602 3861 2682 multis

1075 2723 1449 2817 timorem
1479 2738 1812 2818 incussit
1855 2740 2156 2849 pariter
2187 2757 2268 2821 et
2304 2741 2754 2823 horrorem.
2788 2741 3062 2842 Unde,
3095 2741 3480 2856 quociens
3520 2740 3861 2853 aliquem

1078 2872 1551 2984 negociandi
1599 2877 1863 2984 gracia
1917 2877 2319 2986 proficisci
2367 2880 2923 2989 contingebat,
2981 2879 3084 2960 ab
3126 2876 3422 2961 eisdem
3470 2905 3555 2958 se
3597 2875 3852 2958 diver-

1077 3033 1256 3095 tens
1274 3076 1294 3109 ‚
1336 3042 1481 3123 per
1525 3016 2003 3097 remociores
2042 3019 2210 3098 vias
2258 3017 2523 3098 locum
2559 3019 2881 3128 petebat
2918 3036 3322 3128 optatum,
3357 3035 3495 3097 aut
3530 3017 3866 3095 amictus

1079 3150 1377 3259 gregali
1448 3150 1779 3233 clamide
1837 3171 1920 3234 et
1996 3155 2293 3235 rustico
2365 3174 2760 3265 apparatu
2831 3184 2977 3265 per
3062 3183 3197 3236 eos
3274 3156 3674 3234 transiens
3695 3212 3714 3250 ‚
3789 3170 3869 3231 et

1077 3288 1440 3368 moribus
1491 3317 1771 3369 eorum
1817 3319 1901 3370 se
1960 3311 2439 3401 apparenter
2491 3292 3046 3392 conformans,
3096 3294 3379 3372 mortis
3437 3289 3861 3370 discrimen

1078 3424 1404 3507 uitabat.
1465 3428 1630 3528 Qui
1673 3430 1703 3473 ¹
1768 3431 2063 3510 astucie
2144 3432 2495 3513 volentes
2575 3424 2939 3531 obviare,
3023 3429 3450 3544 quemdam
3534 3429 3865 3507 nomine

1065 3563 1399 3667 xPetrum
1442 3561 1542 3643 de
1579 3564 1946 3667 Brueria,
1986 3567 2289 3648 turbati
2319 3571 2604 3679 capitis
2645 3571 2904 3649 virum
2952 3587 3034 3648 et
3072 3564 3576 3649 inconditum
3615 3566 3863 3644 mori-

1078 3699 1230 3781 bus
1249 3764 1268 3800 ‚
1321 3703 1887 3811 imperatorem
1935 3708 2461 3787 constituunt.
2506 3709 2670 3809 Qui
2690 3770 2709 3804 ,
2761 3710 3129 3815 protinus
3177 3703 3571 3787 ordinatis
3609 3700 3865 3781 detes-

1082 3838 1462 3919 tabilibus
1535 3840 1962 3939 ministris,
2002 3843 2113 3920 eis
2160 3844 2247 3922 in
2288 3843 2695 3924 mandatis
2745 3843 2972 3924 dedit
3020 3859 3151 3941 ut,
3198 3844 3270 3923 si
3308 3841 3488 3953 quis
3534 3840 3627 3917 in
3669 3864 3863 3917 con-

1084 3976 1315 4057 cione
1368 4003 1509 4055 sua
1561 3994 1766 4055 esset
1828 3994 1968 4056 aut
2021 4005 2164 4084 per
2223 4005 2398 4058 eam
2448 3982 2972 4090 pertransiret
2995 4041 3014 4078 ,
3075 3981 3216 4090 qui
3270 3978 3613 4057 nimium
3663 3974 3872 4055 leves

1082 4138 1364 4190 mnus
1399 4128 1482 4191 et
1524 4139 1693 4191 non
1727 4112 2053 4195 callosas
2085 4113 2456 4215 haberet,
2488 4115 2613 4197 vel
2643 4118 2730 4196 in
2760 4134 2984 4226 gestu
3006 4178 3027 4213 ,
3061 4115 3345 4195 habitu
3386 4130 3525 4193 aut
3554 4109 3865 4224 loquela

1086 4247 1401 4326 curialis
1431 4265 1570 4328 aut
1598 4248 1952 4331 urbanus
1983 4249 2414 4352 videretur,
2457 4251 2564 4333 ad
2600 4255 3108 4336 consorcium
3147 4254 3512 4361 ipsorum
3542 4249 3870 4328 minime

1082 4387 1597 4494 reciperetur,
1631 4386 1771 4468 sed
1805 4368 2390 4472 interficeretur
2425 4388 2775 4472 indilate.

1199 4522 1750 4635 Exequturum
1782 4526 2328 4639 facinorosum
2360 4526 2709 4608 edictum
2743 4556 3023 4608 omnes
3045 4530 3363 4637 jurant3
3405 4542 3486 4605 et
3509 4522 3871 4635 quamvis

1083 4659 1273 4742 inde
1307 4662 1599 4743 multos
1629 4667 2148 4772 peremerint,
2191 4694 2541 4778 quorum
2582 4666 2913 4748 nomina
2959 4693 3129 4747 non
3161 4679 3562 4757 tenentur,
3601 4675 3868 4738 tamen

1164 4847 1179 4871 ι
1217 4840 1392 4897 nm
1423 4839 1682 4917 νεῲ,
1706 4840 1803 4898 τοι.
1829 4839 1900 4918 ⁵7
1923 4859 2007 4913 ι,
2033 4842 2160 4901 out.
2241 4864 2246 4869 ·
