4666 6014
1180 681 1278 753 44
1691 674 2374 752 CHRONICORUM
2423 672 2776 749 KAROLI
2826 671 3110 746 SEXTI
3161 671 3341 745 LIB.
3392 670 3451 742 1.

2129 954 2790 1035 GAPITULUM
2849 954 2995 1037 VI.

1777 1192 1905 1254 Rex
1931 1190 2186 1253 mboidia
2213 1212 2246 1251 a
2275 1203 2440 1272 patre
2469 1189 2796 1251 introducta
2822 1186 3039 1269 populo
3064 1186 3370 1247 relaxavit.

1283 1423 1504 1506 Sicut
1544 1424 1796 1505 celum
1847 1452 1947 1503 ex
1987 1422 2266 1503 nubilo
2315 1450 2684 1502 serenum
2749 1437 2981 1529 grato
3031 1434 3349 1526 aspectu
3400 1415 3796 1512 cernitur,
3851 1413 3964 1493 sic

1174 1560 1464 1642 ducum
1510 1562 2053 1641 controversia
2102 1561 2186 1638 in
2227 1588 2502 1668 pacem
2551 1558 2849 1670 placuit
2890 1571 3394 1637 commutata.
3438 1550 3597 1632 Sed
3645 1549 3839 1631 dum
3879 1551 3965 1630 in

1173 1698 1559 1805 regimine
1622 1698 2059 1806 reipublice
2127 1697 2614 1776 unanimiter
2668 1710 3164 1773 concurrunt
3191 1754 3211 1790 ‚
3269 1689 3696 1800 inopinato
3758 1688 3967 1769 civili

1172 1852 1398 1913 motu
1424 1833 1986 1942 percelluntur.
2020 1832 2535 1912 Infinitorum
2563 1860 2751 1913 sane
2779 1832 3089 1911 animos
3112 1826 3662 1909 novendarum
3692 1854 3964 1906 rerum

1167 1970 1332 2080 jam
1365 1967 1733 2049 trahebat
1776 1967 2109 2048 aviditas
2132 2029 2153 2066 ‚
2204 1986 2285 2048 et
2327 1968 2537 2047 ultra
2569 1994 2809 2079 quam
2850 1965 3067 2046 credi
3114 1984 3384 2076 posset
3416 1993 3653 2072 grave
3684 1964 3966 2072 jugum

1174 2103 1714 2186 subsidiorum
1779 2104 1989 2186 demi
2042 2102 2548 2185 affectabant.
2603 2104 2790 2207 Quo
2843 2131 3173 2184 munere
3224 2103 3310 2183 in
3357 2131 3569 2183 novo
3619 2097 3968 2181 adventu

1177 2243 1383 2352 regis
1425 2244 1899 2324 parisienses
1950 2230 2384 2353 sperabant
2424 2243 2751 2322 minime
2801 2237 3294 2339 defraudari,
3337 2268 3513 2319 cum
3559 2241 3967 2349 hucusque

1174 2380 1548 2461 dominus
1582 2380 2174 2490 Andegavensis
2211 2410 2452 2489 super
2481 2382 2637 2462 hoc
2676 2377 3170 2460 deliberandi
3208 2378 3570 2489 spacium
3604 2376 3968 2487 prefixis·

1176 2535 1317 2599 set.
1360 2515 1490 2597 Ad
1527 2517 2030 2598 celerandum
2086 2546 2559 2627 responsum
2598 2518 2759 2628 jam
2789 2517 3182 2627 juniores,
3226 2516 3625 2626 majorum
3663 2514 3967 2622 impro-

1180 2654 1460 2733 bantes
1514 2654 1912 2762 ignaviam
1940 2654 1995 2753 ¹,
2028 2653 2404 2735 dicebant
2458 2684 2629 2735 rem
2668 2683 2837 2735 non
2877 2655 3176 2766 absque
3224 2652 3577 2762 dampno
3629 2644 3964 2732 differri.

1180 2793 1282 2870 Et
1301 2853 1320 2889 ‚
1354 2810 1445 2871 ut
1476 2792 1804 2873 liberius
1834 2792 2152 2905 loquar,
2186 2813 2382 2875 tunc
2417 2795 2690 2874 civitas
2721 2822 2983 2874 secum
3013 2788 3318 2873 discors
3345 2774 3725 2871 intestino
3758 2789 3969 2868 inter

1180 2938 1529 3010 summos
1561 2950 1640 3010 et
1679 2931 1998 3012 infimos
2037 2933 2204 3043 jam
2235 2931 2624 3041 flagrabat
2666 2930 2896 3033 odio;
2932 2932 3100 3041 jam
3140 2929 3657 3012 contumelias
3687 2945 3969 3006 mutuo

1183 3068 1687 3175 irrogabant,
1731 3099 1876 3149 nec
1921 3070 2201 3179 procul
2244 3069 2650 3153 sedicione
2698 3101 2823 3151 res
2871 3089 3078 3168 erat3
3124 3067 3344 3178 quod
3384 3066 3645 3176 coegit
3684 3094 3977 3178 prepo-

1185 3204 1426 3284 situm
1480 3224 2010 3286 mercatorum
2079 3206 2449 3288 scabinos
2504 3227 2586 3289 et
2649 3238 2953 3291 summe
3002 3207 3495 3288 auctoritatis
3539 3205 3975 3313 burgenses

1187 3369 1426 3450 super
1474 3340 1629 3420 hoc
1684 3338 1785 3420 ad
1840 3341 2322 3454 colloquium
2381 3374 2736 3426 evocare.
2788 3346 2882 3426 In
2931 3346 3432 3426 Par-lamento
3483 3344 3729 3450 igitur
3779 3344 3974 3421 Bur-

1187 3477 1549 3583 gensium
1573 3495 1758 3557 ante
1779 3478 2282 3560 Castelletum
2301 3484 2609 3590 regium
2630 3485 2956 3581 evocati,
2982 3485 3288 3563 cunctis
3307 3483 3591 3590 jugum
3611 3497 3977 3560 excutere

1183 3642 1407 3694 mens
1449 3614 1604 3694 fuit
1632 3633 1713 3694 et
1743 3644 2069 3725 poscere
2099 3617 2574 3698 libertatem.
2611 3620 2730 3697 Ne
2761 3638 3024 3699 tamen
3059 3649 3332 3699 recens
3371 3607 3749 3726 gaudium
3783 3645 3977 3726 per-

1191 3752 1556 3831 turbaret
1594 3750 2141 3862 displicenda,
2189 3752 2293 3834 ad
2338 3753 2830 3834 iracundiam
2868 3784 3312 3864 provocans
3356 3755 3655 3863 regiam
3702 3752 3983 3860 majesa

1193 3907 1436 3968 tatem
1453 3952 1472 3986 ,
1517 3919 1669 3998 pro
1709 3907 2071 4003 tempore
2103 3920 2193 3971 ac
2228 3921 2498 3972 rerum
2536 3891 2913 4003 qualitate
2955 3893 3528 4004 aliquantisper
3574 3892 3979 4003 quiescere

1195 4051 1472 4104 eorum
1502 4029 1954 4134 prepositus
1999 4029 2424 4107 statuebat.
2465 4028 2561 4106 In
2601 4029 2809 4108 hanc
2838 4031 3325 4111 sentenciam
3358 4019 3592 4108 ibant
3630 4023 3980 4136 pruden—

1198 4162 1449 4241 ciores
1474 4225 1493 4259 ,
1542 4181 1621 4242 et
1669 4164 1938 4273 lingue
1975 4166 2214 4244 unius
2259 4165 2587 4246 hortatu
2625 4167 2850 4276 plebs
2904 4169 3150 4247 eciam
3196 4165 3626 4246 indiscreta
3665 4181 3981 4272 poterat

1195 4297 1541 4407 mitigari
1575 4319 1657 4380 et
1685 4304 1893 4410 regis
1923 4302 2270 4408 graciam
2290 4307 2778 4411 promereri,
2813 4305 2964 4385 nisi
3001 4301 3328 4416 quidam
3356 4304 3773 4420 salutarim,
3809 4329 3978 4381 sor-

1198 4432 1654 4516 didissimus
1701 4455 1781 4516 et
1830 4439 2261 4518 inconsulti
2301 4443 2647 4549 pectoris
2694 4443 2854 4540 vir,
2898 4469 3267 4520 accensos
3307 4441 3472 4550 jam
3510 4439 3766 4549 plebis
3806 4437 3978 4515 ani-

1198 4601 1371 4653 mos
1403 4573 1695 4653 talibus
1732 4575 2093 4657 clamosis
2121 4578 2386 4659 verbis
2414 4580 2817 4660 incitasset
2854 4608 2871 4656 ε

1272 4859 1284 4881 ·
1333 4853 1470 4909 Var.
1497 4877 1511 4905 .-
1539 4862 1602 4910 η’
1625 4851 1795 4929 5960,
1822 4854 1921 4911 fol.
1947 4853 2017 4913 33
2042 4875 2113 4926 r.,
2143 4861 2583 4933 Imm-operantes
2607 4863 2986 4935 Ignominiam.
