4666 6014
1051 690 1191 762 476
1523 681 2206 758 CHRONICORUM
2258 681 2615 758 KAROLI
2665 682 2950 758 SEXTI
3000 685 3178 758 LIB.
3234 681 3359 759 111.

971 917 976 924 .
1042 838 1462 947 peculiaris
1509 838 1869 947 patroni,
1929 839 2261 917 accessit
2301 866 2481 918 cum
2524 836 2935 918 avunculis
2978 855 3215 948 atque
3269 839 3498 945 regni
3556 867 3840 948 proce-

1042 978 1306 1074 ribus3
1356 975 1879 1087 sequentique
1917 975 2092 1055 luce
2124 975 2503 1056 vexillum
2540 975 2883 1084 gloriosi.
2919 976 3315 1072 martiriS,
3365 974 3585 1085 quod
3634 980 3844 1057 auri-

1017 1115 1359 1195 flamma
1414 1112 1751 1210 dicitur,
1801 1115 1887 1192 in
1942 1114 2262 1221 signum
2311 1099 2860 1222 e'xpedicionis
2915 1114 3281 1221 proxime
3335 1116 3643 1221 accepit
3698 1113 3838 1193 de-

1039 1254 1442 1331 votissime
1475 1280 1618 1358 per
1654 1250 1869 1330 hunc
1910 1249 2263 1330 modum.

1152 1556 1383 1634 Circa
1414 1554 1702 1633 horam
1733 1580 2077 1665 namque
2119 1550 2278 1632 diei
2307 1554 2637 1632 terciam
2657 1616 2674 1650 ,
2713 1552 3201 1632 venerabiles
3233 1551 3481 1632 abbas
3520 1572 3604 1633 et
3644 1582 3841 1634 con-

1036 1709 1316 1771 ventus
1341 1690 1685 1790 ecclesie,
1718 1691 1934 1800 capis
1964 1691 2236 1770 sericis
2269 1688 2569 1788 induti,
2598 1691 2825 1800 juxta
2852 1692 3106 1769 sancti
3134 1689 3563 1771 Clementis
3586 1693 3840 1800 capel-

1036 1830 1189 1908 lam
1248 1858 1516 1937 regem
1565 1827 2148 1940 aliquantulum
2189 1845 2814 1937 expectaverunt
2862 1826 3065 1937 pede
3116 1828 3305 1907 fixo.
3353 1830 3615 1929 Quem
3656 1859 3835 1910 cum

1034 1969 1342 2048 eminus
1383 1968 1487 2048 ab
1531 1967 1708 2048 aula
1754 1965 2369 2047 descendentem
2412 1965 3055 2077 conspexissent,
3102 1964 3519 2048 individue
3556 1967 3833 2048 Trini-

1036 2107 1179 2184 tati
1219 2105 1614 2185 honorem
1653 2105 2053 2184 altissonis
2093 2099 2425 2185 vocibus
2467 2101 3011 2202 decantando,
3048 2132 3233 2182 eum
3280 2101 3382 2183 ad
3432 2105 3849 2184 ecclesiam·

1032 2273 1213 2324 cum
1244 2242 1666 2351 sollempni
1702 2244 2212 2351 processione
2251 2240 2831 2352 perduxerunt.
2885 2241 3088 2321 Cum
3131 2261 3397 2322 autem
3452 2242 3555 2323 ad
3589 2244 3835 2325 altare

1031 2381 1450 2460 beatorum
1485 2381 1912 2459 martirum
1944 2376 2419 2479 accessisset,
2457 2380 2837 2459 oracione
2873 2396 3230 2488 peracta,
3288 2380 3548 2488 regale
3584 2384 3838 2490 epito-

1031 2519 1252 2624 gium
1290 2517 1548 2613 exuit,
1589 2517 1667 2594 e't
1696 2518 1784 2595 in
1813 2515 2287 2627 obsequium
2313 2543 2630 2613 eorum,
2662 2534 3040 2625 prompta
3078 2519 3325 2596 animi
3358 2514 3795 2599 devocione
3814 2582 3832 2617 ,

1031 2652 1391 2734 crinibus
1424 2653 1815 2751 resolutis,
1843 2680 2047 2733 zona
2079 2656 2542 2766 pariterque
2566 2652 3028 2754 discinctuS,
3060 2684 3143 2735 se
3173 2656 3509 2736 multum
3539 2657 3834 2737 obtulit

1031 2809 1506 2872 reverenter.
1543 2789 1946 2871 Accedens
1982 2789 2171 2871 inde
2209 2790 2310 2872 ad
2343 2794 2727 2903 criptam,
2764 2821 2948 2902 sepe
2985 2793 3335 2873 fatorum
3372 2812 3831 2874 sanctorum

1029 2947 1528 3012 sacrosancta
1568 2919 1934 3041 pignora*
1964 2931 2048 3011 in
2087 2931 2405 3012 scriniis
2439 2930 2837 3012 electrinis
2872 2949 3246 3012 contenta
3286 2933 3372 3011 in
3408 2932 3619 3013 ulnis
3668 2963 3834 3014 sus—

1030 3072 1336 3178 cipiens
1363 3098 1545 3149 cum
1572 3069 1885 3150 abbatis
1918 3070 2241 3169 auxili0,
2276 3071 2481 3150 mira
2516 3069 2782 3150 cordis
2814 3072 3219 3151 alacritate
3256 3101 3497 3182 super
3523 3101 3835 3153 eorum-
3888 3046 3913 3055 ’

1028 3205 1210 3286 dem
1245 3207 1487 3286 altare
1521 3204 1841 3306 detulit,
1894 3238 2074 3289 cum
2115 3238 2457 3316 corpore
2496 3210 2747 3288 eciam
2786 3209 3225 3290 beatissimi
3259 3209 3651 3290 Ludovici
3680 3274 3700 3309 ,
3743 3241 3834 3291 ac

1026 3343 1546 3454 postmodum
1570 3346 1656 3423 in
1677 3346 2200 3424 eminenciori
2231 3344 2410 3424 loco
2442 3346 2527 3424 in
2563 3345 2832 3426 altaris
2862 3344 3066 3424 facie
3094 3345 3528 3425 collocavit.
3559 3347 3832 3427 Abbas

1027 3499 1289 3561 autem
1339 3480 1854 3579 reverendus,
1890 3483 1973 3560 in
2035 3481 2639 3592 pontificalibus
2678 3484 3068 3580 existenS,
3121 3484 3446 3563 missam
3494 3500 3835 3562 conven-

1028 3619 1319 3699 tualem
1352 3616 1634 3699 devote
1663 3617 2126 3717 celebravit3
2155 3621 2524 3731 interque
2552 3622 2790 3701 misse
2819 3620 3289 3728 sollempnia
3315 3618 3831 3699 collacionem

1025 3759 1321 3836 faciens
1346 3819 1364 3856 ,
1407 3774 1487 3835 et
1513 3757 1937 3836 martirum
1968 3757 2349 3870 reliquias
2380 3759 2963 3868 sapientissime
2997 3753 3691 3853 recommendans,
3739 3774 3831 3834 ut

1027 3912 1198 3974 erat
1236 3895 1361 3973 vir
1401 3895 1487 3972 in
1527 3895 1769 3974 sacris
1810 3894 2096 3975 litteris
2135 3893 2537 3995 erudituS,
2582 3914 2663 3976 et
2711 3898 2797 3976 in
2840 3924 3064 3975 sacra
3110 3895 3403 4003 pagina
3450 3892 3830 3973 excellen-

1028 4033 1376 4112 tissimus
1407 4030 1838 4141 professor,
1870 4030 2386 4114 devocionem
2418 4034 2627 4143 regis
2645 4096 2664 4134 ,
2695 4032 3157 4113 fidelitatem
3183 4030 3528 4111 militum
3556 4031 3828 4141 multis

1027 4166 1397 4251 laudibus
1460 4169 1846 4251 extollens
1877 4234 1895 4269 ,
1968 4172 2436 4252 notabiliter
2493 4169 3104 4253 commendavit.
3175 4173 3355 4250 Hiis
3414 4198 3608 4278 ergo
3675 4173 3828 4249 rite

1027 4309 1369 4417 peractis
1389 4371 1407 4406 ,
1451 4338 1635 4389 cum
1676 4339 1817 4389 rex
1848 4307 1949 4390 de
1986 4309 2359 4393 manibus
2400 4313 2570 4422 ejus
2607 4308 3119 4391 benedictum
3153 4308 3528 4389 vexillum
3570 4338 3829 4390 susce-

1025 4450 1307 4558 pisset,
1342 4446 1536 4528 illud
1561 4446 1896 4530 domino
1929 4451 2167 4531 Petro
2205 4449 2305 4531 de
2340 4449 2802 4547 Villaribus,
2831 4445 3119 4527 domus
3145 4447 3359 4555 regie
3392 4449 3779 4556 magistro
3801 4508 3819 4543 ,

1026 4615 1196 4668 non
1226 4587 1499 4696 juveni
1524 4606 1729 4668 etate
1759 4590 2017 4697 prima
2060 4588 2430 4685 florenti,
2466 4585 2605 4666 sed
2645 4587 2823 4665 viro
2854 4589 3181 4666 emerite
3206 4585 3500 4666 milicie
3526 4602 3606 4662 et
3634 4581 3822 4662 fidei

1025 4753 1190 4805 non
1251 4723 1533 4823 dubie,
1575 4753 1754 4804 cum
1797 4724 2134 4833 pacifico
2191 4725 2463 4804 osculo
2519 4721 2859 4803 tradidit
2913 4721 3461 4804 deferendum.
3530 4720 3608 4801 Is
3655 4721 3821 4831 jam

1027 4882 1297 4943 exacte
1320 4864 1551 4943 etatis
1573 4861 1799 4942 miles
1822 4881 2026 4963 erat3
2058 4861 2198 4944 sed
2229 4883 2597 4973 vegetum
2638 4865 3052 4972 ingenium
3081 4865 3166 4941 in
3195 4858 3465 4941 vivido
3495 4876 3821 4968 pectore
