4666 6014
1029 671 1171 774 280
1187 763 1202 776 ⁹
1498 665 2183 742 CHRONIGORUM
2233 665 2592 742 KAROLI
2640 663 2930 746 SEXTI
2982 668 3160 741 LIB.
3214 666 3343 754 IV.

1030 819 1520 926 protraxerit
1576 816 1895 898 obsidio
1915 880 1935 917 ,
1994 836 2074 899 et
2130 804 2515 931 utrinque
2578 845 2762 898 cum
2824 818 3168 899 arcubus
3230 834 3310 898 et
3369 816 3676 898 balistis
3741 849 3829 900 ac

1027 956 1446 1037 missilium
1501 956 1874 1068 quolibet
1922 983 2211 1064 genere
2265 986 2350 1037 se
2400 957 3031 1068 inquietaverint
3062 957 3597 1055 incessanter,
3636 975 3643 980 ’
3657 986 3833 1065 per-

1028 1096 1260 1200 pauci
1322 1109 1591 1173 tamen
1648 1095 1985 1175 assultus
2050 1092 2445 1175 ordinarii
2505 1096 2662 1174 acti
2719 1112 2911 1175 sunt
2964 1092 3432 1175 coadunatis
3491 1094 3824 1177 viribus.
3870 1195 3881 1200 α

1025 1230 1192 1331 Qui
1227 1249 1494 1312 tamen
1537 1249 1631 1312 ut
1680 1231 2253 1341 agrederentur
2298 1223 2605 1314 avidius
2626 1295 2644 1331 ,
2701 1231 3383 1328 conestabularius
3413 1232 3604 1312 fecit
3636 1262 3828 1314 voce

1027 1371 1406 1476 preconia
1437 1371 1933 1478 promulgari
1954 1433 1972 1469 ‚
2006 1369 2228 1482 quod
2267 1368 2784 1450 ascendentes
2824 1397 3101 1450 muros
3143 1372 3388 1477 primi
3429 1369 3828 1479 condigne

1023 1489 1638 1616 premiarentur,
1682 1493 1763 1588 et
1803 1509 2023 1620 quod
2066 1483 2487 1589 manubias
2528 1527 2608 1588 et
2645 1510 3013 1589 universa
3055 1505 3555 1589 delectabilia
3601 1509 3830 1590 urbis

1025 1649 1110 1724 in
1174 1644 1475 1725 laboris
1537 1649 2275 1730 remuneracionem
2342 1647 2677 1728 omnino
2722 1648 3115 1740 exercitui
3168 1644 3564 1727 cederent.
3627 1645 3843 1727 Pr0-'

1024 1783 1539 1862 missionibus
1607 1783 1861 1864 allecti
1922 1786 2068 1893 qui
2128 1780 2400 1893 predis
2462 1780 3102 1882 delectabantur,
3163 1785 3545 1893 quociens
3609 1784 3825 1866 lituis

1025 1921 1627 2026 precinentibus
1673 1919 2324 2028 proclamabatur
2369 1917 2473 1998 ad
2524 1947 2785 2018 arma,
2838 1917 2941 1998 ad
2985 1918 3598 2031 inquietandum
3643 1922 3826 2002 hos-

1027 2075 1143 2150 tes
1200 2056 1565 2152 fulminei
1627 2056 2164 2156 advolabant3
2229 2085 2434 2169 quos
2493 2054 2596 2135 ad
2620 2094 2641 2118 c
2666 2057 3099 2165 probitatis
3162 2057 3483 2137 titulum
3549 2063 3821 2170 acqui—

1024 2193 1366 2278 rendum
1413 2194 1646 2275 multi
1704 2193 2015 2275 nobiles
2070 2195 2637 2306 sequebantur.
2688 2194 2792 2273 Et
2843 2192 3039 2274 dum
3084 2196 3463 2306 utrinque
3508 2198 3818 2277 animo-

1020 2363 1201 2413 rum
1236 2333 1678 2442 pertinacia
1709 2351 1947 2446 atque
1976 2334 2530 2444 obstinacione
2564 2349 3028 2431 certaretur,
3061 2350 3141 2412 et
3186 2335 3678 2443 Francigene
3722 2331 3821 2414 de

1019 2473 1354 2552 victoria
1416 2473 1849 2581 sperabant
1875 2536 1893 2573 ,
1961 2473 2264 2553 obsessi
2330 2448 2705 2551 ultimum
2775 2469 3207 2551 discrimen
3284 2471 3819 2553 formidantes

1022 2608 1217 2690 illud
1249 2612 1500 2690 vitare
1540 2607 1802 2694 modis
1841 2611 2216 2692 omnibus
2258 2611 2784 2718 temptabant.
2832 2610 3079 2708 Nam',
3122 2627 3215 2688 ut
3243 2612 3552 2692 strenui
3586 2609 3821 2690 bella-

1021 2765 1234 2825 tores
1288 2766 1368 2826 et
1433 2751 1793 2856 experti,
1848 2745 1950 2828 ad
2008 2778 2284 2832 omnes
2347 2746 2611 2829 aditus
2677 2747 3168 2827 stacionibus
3231 2746 3602 2846 firmatis,
3658 2775 3813 2858 qua

1021 2887 1249 2993 signa
1306 2885 1501 2974 ferri
1554 2882 1940 2970 videbant
2001 2915 2090 2966 ea
2159 2888 2456 2974 robore
2520 2887 2883 2966 virorum
2952 2887 3330 2992 opposito
3356 2946 3374 2982 ‚
3435 2882 3815 2964 scandere

1021 3022 1311 3103 milites
1339 3042 1418 3104 et
1438 3027 1877 3133 armigeros
1908 3025 2321 3125 sinebant,
2348 3043 2441 3104 ut
2463 3053 2562 3104 ex
2596 3022 2852 3103 arduo
2885 3051 3030 3129 per
3061 3023 3414 3131 proclive
3447 3020 3818 3132 dampna-

1021 3158 1260 3239 bilius
1301 3160 1489 3268 pelli
1534 3179 1886 3270 possent.
1930 3162 2092 3265 Qui
2148 3189 2335 3270 sepe
2384 3177 2702 3240 ruentes
2757 3161 3188 3268 precipites
3212 3221 3233 3258 ,
3285 3188 3455 3240 non
3506 3158 3814 3268 pavidi,

1021 3293 1162 3375 sed
1246 3324 1451 3406 pene
1531 3326 1820 3380 vesano
1903 3301 2211 3408 impetu
2287 3297 2836 3378 incitabantur
2911 3295 3013 3376 ad
3081 3297 3595 3401 conflictum,
3674 3301 3816 3408 qui

1018 3424 1204 3547 sepe
1244 3454 1505 3516 morte
1551 3438 1991 3518 multorum
2038 3457 2177 3518 aut
2223 3437 2738 3519 mutilacione
2791 3435 3343 3515 membrorum
3395 3433 3810 3540 compelle-

849 3554 858 3561 ·
888 3562 898 3573 ’
1017 3572 1278 3655 batur.

1129 3736 1231 3815 Et
1287 3739 1355 3821 si
1376 3696 1425 3838 ,·
1449 3741 1657 3819 inter
1698 3738 1994 3821 assidui
2033 3740 2312 3819 Martis
2364 3732 2691 3820 eventus
2725 3739 2993 3819 varios
3012 3798 3032 3835 ,
3087 3734 3318 3817 multi
3366 3730 3677 3813 nobiles
3733 3750 3812 3811 et

1015 3877 1430 3988 antiquam
1458 3875 1836 3960 ducentes
1866 3906 1982 3985 ex*
1996 3879 2404 3988 generosis
2434 3873 3093 3985 progenitoribus
3118 3871 3531 3978 sanguinis
3560 3866 3810 3978 digni-

1015 4031 1260 4093 tatem
1304 4015 1914 4111 elaboraverunt
1953 4016 2057 4097 ad
2100 4016 2428 4099 titulum
2455 4012 2951 4095 strenuitatis
2985 4004 3560 4118 acquirendum
3576 4068 3596 4105 ,
3630 4034 3809 4115 pre-

1014 4152 1244 4257 cipue
1284 4169 1549 4232 tamen
1593 4152 2014 4235 dominum
2047 4150 2513 4262 Philippum
2562 4149 2662 4230 de
2708 4148 3099 4229 Atrabato
3121 4208 3139 4244 ‚
3164 4146 3554 4227 'comitem
3598 4143 3807 4249 Augi

1013 4304 1093 4366 et
1146 4291 1355 4396 regis
1404 4260 1835 4400 cognatum
1856 4353 1877 4390 ,
1921 4290 2024 4371 ab
2072 4291 2234 4371 avis
2289 4286 2693 4399 generosis
2749 4314 2918 4365 non
2969 4282 3586 4392 degenerantem
3609 4342 3627 4378 ,
3668 4277 3806 4359 sed

1013 4442 1334 4505 strenue
1385 4430 1623 4508 nimis
1674 4431 1763 4508 in
1812 4429 1968 4509 hiis
2019 4426 2523 4523 desudavisse
2569 4420 2951 4533 operibus
2993 4422 3337 4530 reperio,
3385 4416 3593 4498 Nam
3631 4417 3803 4523 pri-

1015 4591 1188 4643 mus
1227 4568 1490 4645 menia
1539 4564 2120 4665 conscendens,
2166 4566 2439 4646 invitis
2479 4563 2889 4662 hostibuS,
2923 4560 3300 4641 vexillum
3339 4557 3676 4635 liliatum
3718 4554 3802 4629 in

1012 4703 1261 4780 muris
1315 4722 1596 4810 aptans
1619 4765 1640 4802 ‚
1693 4722 1919 4814 capte
1963 4703 2143 4785 ville
2191 4705 2537 4813 speciem
2594 4698 2949 4801 ostendit
2975 4761 2996 4798 ‚
3056 4696 3446 4777 reiteratis
3498 4688 3817 4785 vicibus,

1012 4839 1124 4915 sic
1178 4836 1380 4921 dans
1423 4843 1830 4950 primicias
1881 4838 2199 4927 inclitus
2247 4839 2784 4923 adolescencie
2834 4867 2972 4919 sue
3029 4837 3405 4944 princsps
3453 4846 3534 4911 et
3586 4827 3803 4909 bone
