4666 6014
1106 692 1251 765 598
1588 683 2275 762 GHRQNICORUM
2316 684 2678 764 KAROEJ
2727 684 3020 764 m
3062 687 3241 763 ΠΒ.
3287 685 3398 765 X.

1104 838 1395 921 ictibus
1452 839 1734 918 mutuo
1774 865 2033 947 usque
2082 835 2189 922 ad
2242 841 2561 918 noctem
2595 835 3188 928 conflixerunt.
3255 837 3630 947 Ceaeque
3680 838 3894 921 laute

1103 980 1325 1086 regio
1404 1004 1629 1057 more
1698 995 2014 1085 peracta
2046 1038 2066 1074 ,
2141 1003 2320 1057 cum
2387 975 2720 1056 domine
2764 978 3316 1057 nominassent
3380 1004 3586 1086 quos
3653 1004 3890 1085 super

1101 1135 1402 1196 ceteros
1450 1116 1850 1228 elegerant
1899 1110 2410 1223 premiandos
2430 1175 2450 1211 ,
2510 1114 2697 1222 quia
2757 1115 3230 1194 exercicium
3295 1112 3491 1195 illud
3545 1115 3892 1232 ⁸militare

1099 1283 1239 1334 rex
1275 1281 1418 1366 per
1458 1250 1821 1340 triduum
1848 1244 2229 1336 statuerat
2266 1252 2653 1348 exerceri,
2687 1248 2818 1332 die
2848 1252 3258 1366 sequenti,
3314 1253 3587 1359 priore
3626 1268 3887 1331 tamen

1100 1390 1386 1478 ordine
1417 1419 1583 1471 non
1635 1407 1986 1490 servato,
2044 1389 2598 1474 indifferenter
2636 1389 2925 1474 milites
2955 1419 3135 1476 cum
3177 1389 3573 1476 scutiferis
3610 1388 3890 1476 ludum

1097 1527 1611 1645 laudabiliter,
1660 1547 2143 1642 peregerunt
2163 1589 2189 1627 ,
2225 1547 2307 1612 et
2329 1590 2351 1627 ,
2404 1547 2493 1612 ut
2543 1529 2805 1642 priuS,
2857 1529 3176 1614 virtutis
3221 1531 3526 1642 premia
3574 1556 3886 1642 recepe-

1103 1685 1297 1750 runt
1337 1668 1479 1777 qui
1512 1664 1823 1775 judicio
1860 1664 2372 1752 doenimrum
2401 1692 2485 1750 se
2521 1665 2982 1752 habuerunt
3009 1665 3336 1756 sorcius.

1210 1806 1342 1886 Sic
1400 1835 1560 1887 nox
1621 1823 1901 1914 quarta
1941 1806 2179 1884 finem
2228 1803 2453 1887 dedit
2504 1805 2818 1888 choreis
2865 1822 2945 1888 et
3006 1793 3442 1892 lasciviosds
3498 1804 3888 1912 gestibus,

1098 1973 1254 2052 que
1279 1971 1550 2024 revera
1583 1946 1859 2051 pocius
1885 1960 2147 2023 essent
2174 1941 2686 2051 tragedorum
2712 1940 3222 2024 declamanda
3250 1941 3625 2023 boatibus
3647 1971 3887 2052 quam

1098 2083 1495 2190 hystorice
1556 2082 1908 2161 veritatis
1968 2078 2253 2160 ordine
2312 2060 2809 2160 contexenda
2833 2141 2853 2178 ,
2923 2081 3079 2159 nisi
3130 2081 3679 2188 circumspecti
3736 2082 3885 2161 viri

1096 2223 1180 2297 in
1240 2219 1394 2298 hoc
1447 2219 1770 2326 plurimi
1831 2219 2385 2298 convenissent
2407 2280 2426 2314 ,
2485 2215 2704 2325 quod
2767 2215 3296 2325 pretereunda
3347 2216 3497 2298 sub
3563 2218 3887 2298 silencio

1096 2385 1260 2437 non
1292 2375 1522 2437 erant
1556 2385 1711 2466 que
1741 2358 2040 2464 posteri
2075 2357 2297 2467 sequi
2327 2372 2704 2463 poterant
2733 2355 2853 2434 vel
2895 2355 3170 2434 vitare.
3205 2356 3309 2435 Et
3337 2356 3493 2436 hoc
3520 2355 3881 2435 ultimum

1094 2497 1446 2574 consulo.
1524 2495 1760 2591 Nam,
1836 2511 1927 2573 ut
1988 2521 2262 2572 verum
2340 2494 2533 2600 ipsis
2597 2491 2873 2591 fatear,
2944 2491 3135 2571 dum
3209 2509 3480 2573 noctes
3531 2496 3619 2571 in
3673 2491 3884 2572 diem

1095 2632 1694 2728 convertebant,
1755 2648 1835 2709 et
1888 2628 2229 2738 dapibus
2287 2630 2533 2708 nimia
2590 2629 2873 2737 pocula
2928 2632 3472 2728 miscerentur,
3526 2649 3792 2711 tantus
3842 2662 3886 2709 a

1093 2769 1391 2848 Libero
1421 2785 1650 2876 patre
1673 2767 2057 2874 processit
2092 2769 2709 2874 intemperancie
2740 2765 3060 2876 graduS‚
3087 2766 3307 2876 quod
3340 2768 3568 2848 multi
3589 2770 3883 2874 passim

1095 2904 1399 3015 absque
1421 2903 1975 2988 erubesceneie
2000 2903 2172 2987 velo
2201 2902 2526 2988 domum
2560 2906 2858 3014 regiam
2891 2934 2984 2988 ac
3015 2904 3465 3015 religiosam
3496 2903 3883 3003 sedantes,

1097 3043 1199 3123 ad
1243 3045 1781 3123 inconcessam
1821 3070 2189 3129 venerem
2222 3060 2307 3122 et
2360 3041 2746 3124 adulteria
2786 3041 3217 3152 nephanda
3268 3044 3623 3153 prolapsi
3669 3063 3880 3125 sunt.

1092 3182 1717 3295 verumptamen
1760 3197 1853 3260 ut
1887 3198 2288 3261 transacta
2318 3180 2726 3261 lasciviosa
2757 3208 3057 3291 pompa
3101 3181 3413 3264 dulcius
3451 3211 3542 3262 ac
3575 3181 3882 3264 diucius

1090 3322 1174 3397 in
1214 3318 1595 3397 memoria
1633 3317 2088 3415 haberetur,
2123 3320 2486 3428 sequenti
2538 3316 2668 3398 die
2707 3320 2925 3427 regia
2979 3318 3412 3400 refectione
3469 3338 3837 3430 percepta
3860 3384 3878 3416 ,

1093 3483 1229 3533 rex
1276 3482 1429 3563 pro
1482 3453 2024 3565 cujuscunque
2076 3452 2367 3539 merito
2397 3454 2688 3537 milites
2727 3474 2808 3542 et
2843 3459 3284 3567 armigeros
3323 3457 3671 3543 laudavit
3713 3487 3877 3538 non

1090 3595 1264 3675 sine
1330 3590 1547 3673 fluxu
1601 3618 2059 3689 munerum,
2114 3588 2825 3709 munificencieque
2881 3593 3170 3705 regalis
3229 3625 3555 3677 manum
3607 3599 3878 3706 porri-

1089 3757 1282 3836 gens
1337 3727 1785 3827 liberalem,
1833 3726 2205 3815 dominas
2259 3747 2340 3813 et
2395 3728 2850 3817 domicellus
2902 3733 3232 3821 armillis
3276 3752 3357 3819 et
3408 3735 3881 3827 muneribus

1089 3866 1351 3947 aureis
1398 3883 1478 3949 et
1510 3865 1909 3974 argenteis
1941 3865 2504 3978 olosericisque
2534 3866 2867 3953 donavit
2886 3932 2904 3969 ,
2923 3870 3669 3982 insigniorihusque
3697 3899 3881 3953 cum

1094 4005 1317 4108 pacis
1350 4002 1627 4083 osculo
1657 4000 2035 4085 valedixit
2057 4065 2079 4100 ,
2116 4022 2199 4086 et
2236 4008 2629 4086 concessit
2665 4007 3076 4088 licenciam
3115 4006 3532 4089 redeundi.
3583 4050 3590 4053 ·

2076 4287 2660 4371 CAPITULUM
2730 4292 2871 4369 111.

1874 4498 1967 4559 no
1991 4501 2251 4582 exequiis
2280 4498 2446 4583 soth
2473 4524 2580 4584 pm
2608 4503 3092 4569 connubulario.

1199 4702 1496 4785 Iterum
1561 4701 1755 4787 dum
1806 4707 2382 4792 exercebantur
2437 4707 2606 4792 ludi
2660 4710 3077 4809 militares,
3159 4711 3244 4791 in
3312 4708 3635 4791 ecclesia
3664 4710 3872 4793 beati

1088 4841 1458 4947 Dyonisii
1501 4869 1652 4952 pro
1712 4843 2068 4954 exequiis
2108 4844 2603 4933 funeralibus
2647 4845 2957 4933 domini
3007 4848 3426 4931 Bertranni
3482 4845 3582 4933 de
3624 4847 3875 4935 Gnes-

2286 5164 2310 5221 ἱ
