4666 6014
1147 660 1240 733 48
1655 651 2340 727 CHRONICORUM
2389 654 2746 731 KAROLI
2795 656 3079 730 SEXTI
3127 657 3304 730 LIB.
3358 657 3417 729 1.

1145 833 1386 916 super
1426 832 1778 884 mensam
1807 830 2339 884 marmoream
2394 808 2937 888 substitissent
2956 869 2975 905 ,
3025 805 3262 887 datur
3311 808 3575 915 gracia
3618 804 3940 890 dicendi

1146 972 1301 1055 que
1353 942 1585 1023 vellet
1636 942 2077 1048 preposito.
2142 940 2271 1021 Sic
2325 962 2594 1052 partes
2659 947 3022 1025 omnium
3088 963 3472 1056 exequtus
3504 1007 3522 1043 ,
3595 946 3940 1028 immane

1139 1082 1419 1191 jugum
1450 1077 2084 1158 subvencionum
2131 1096 2212 1158 et
2254 1082 2657 1190 abjectum
2692 1082 2953 1191 plebis
2993 1100 3286 1161 statum
3318 1078 3583 1163 verbis
3613 1086 3938 1165 misera-

1141 1217 1439 1297 bilibus
1469 1217 1864 1323 exposuit,
1897 1214 2381 1296 concludens
2411 1219 2661 1298 eciam
2680 1236 2905 1311 ,metu
2931 1220 3212 1298 mortis
3248 1220 3592 1299 immane
3616 1221 3937 1329 pondus

1139 1356 1644 1433 exactionum
1688 1382 1732 1430 a
1767 1379 1950 1460 rege
1998 1350 2379 1432 defuncto
2429 1358 2832 1464 impressis
2881 1357 3043 1435 suis
3080 1357 3516 1436 cervicibus
3559 1387 3727 1437 non
3768 1388 3936 1439 am-

1138 1491 1348 1600 plius
1378 1487 1951 1587 tollerandum,
2000 1508 2080 1568 et
2108 1489 2330 1601 quod
2364 1502 2640 1571 omnes
2668 1492 2967 1571 malent
2997 1494 3207 1569 mori
3241 1520 3481 1602 quam
3525 1496 3939 1606 antiquam

1138 1625 1473 1736 perdere
1530 1626 2004 1705 libertatem.
2056 1614 2215 1707 His„
2254 1624 2357 1705 ad
2412 1625 2653 1707 finem
2711 1628 3166 1736 perornatis
3205 1630 3231 1671 ¹
3286 1627 3713 1736 prolixiori
3769 1659 3935 1711 ser-

1139 1794 1415 1865 mone,
1461 1766 1760 1845 clamor
1810 1766 2094 1874 ingens
2135 1794 2232 1845 ex
2274 1764 2788 1846 multitudine
2836 1765 3166 1845 confusa
3217 1764 3656 1864 attollitur3
3713 1769 3935 1879 quod
3993 1780 3998 1787 '

1137 1905 1457 2011 signum
1496 1920 1667 1982 erat
1707 1904 2262 1982 concionantis
2303 1901 2515 1982 dicta
2545 1901 2989 1982 astantibus
3028 1901 3436 2011 placuisse.
3480 1901 3726 2003 Quod
3770 1903 3935 1985 dux

1137 2040 1574 2121 admodum
1600 2059 1876 2122 cautus
1901 2040 2409 2151 perpendens
2429 2104 2450 2141 ,
2477 2045 2890 2153 sciensque
2911 2068 3046 2120 eos
3069 2040 3404 2121 mobiles
3429 2059 3508 2120 et
3538 2039 3642 2119 ad
3670 2042 3934 2123 subita

1136 2179 1499 2259 facinora
1559 2179 1945 2259 volubiles
1967 2240 1987 2276 ,
2038 2158 2256 2290 justo
2304 2207 2601 2288 pavore
2640 2179 3006 2276 territus,
3059 2195 3139 2256 et
3177 2178 3465 2256 timens
3508 2206 3609 2257 ne
3654 2200 3934 2260 contra

1135 2344 1221 2395 se
1259 2315 1539 2396 durius
1585 2315 1892 2427 aliquid
1935 2318 2321 2415 oriretur,
2367 2316 2490 2396 vel
2534 2345 2635 2395 ne
2678 2312 2971 2395 deinde
3012 2331 3276 2393 motus
3321 2317 3932 2423 perniciosiores

1134 2471 1663 2561 emergerent,
1708 2481 1799 2532 ac
1832 2453 2232 2561 repulsam
2261 2451 2790 2561 periculosam
2823 2448 3193 2560 judicans
3214 2511 3233 2547 ,
3273 2451 3540 2562 primo
3587 2480 3723 2533 eos
3764 2482 3934 2534 ver-

1133 2591 1259 2669 bis
1320 2591 1690 2699 benignis
1751 2588 2097 2687 lenien5‚
2149 2586 2475 2668 tandem
2535 2617 2715 2668 cum
2775 2587 3446 2668 tumultuancium
3503 2618 3928 2671 numerum

1134 2725 1238 2806 ad
1273 2755 1356 2807 se
1386 2755 1638 2806 unum
1673 2723 2155 2806 intuendum
2194 2726 2466 2805 oculos
2510 2727 3063 2823 convertisset,
3099 2725 3683 2805 sentencialiter
3741 2756 3927 2836 pre-

1133 2865 1343 2975 cepit
1383 2863 1852 2944 cancellario
1904 2866 2019 2944 sic
2065 2863 2289 2975 loqui
2336 2895 2353 2943 :

1250 3037 1288 3077 t(
1324 3001 1410 3081 Si
1462 3001 1893 3083 liberalitas
1935 3031 2213 3110 regum
2257 3021 2338 3083 et
2397 3001 2914 3083 dominorum
2958 3002 3022 3081 F
3025 3002 3295 3082 rancie
3336 3003 3641 3081 meritis
3679 3000 3932 3084 laudi-

1137 3175 1173 3214 «
1216 3142 1366 3221 bus
1416 3140 1861 3240 attollatur,
1913 3160 1994 3221 et
2033 3129 2301 3221 villam
2355 3142 2877 3222 parisiensem
2926 3139 3263 3226 decretis
3311 3142 3761 3250 priscorum
3810 3171 3929 3222 re-

1135 3312 1173 3351 «
1214 3308 1404 3386 gum
1453 3279 1950 3358 honestatam
1974 3341 1993 3377 ,
2044 3297 2123 3358 et
2176 3280 2583 3388 vectigalia
2624 3279 2943 3388 publica
2994 3275 3487 3358 moderando
3547 3279 3928 3387 operibus

1135 3450 1172 3489 «
1207 3416 1550 3524 publicis
1630 3414 2101 3496 adornatam
2134 3478 2153 3516 ‚
2224 3418 2593 3529 interque
2672 3445 2949 3496 omnes
2980 3477 3000 3513 ,
3070 3416 3234 3493 imo
3312 3444 3457 3524 pre
3547 3415 3926 3495 omnibus

1133 3587 1170 3626 c<
1209 3553 1537 3633 Gallicis
1594 3553 1935 3633 urbibus
1986 3582 2300 3634 summo
2353 3583 2665 3665 semper
2713 3555 3024 3633 honore
3066 3569 3156 3631 et
3206 3580 3475 3632 amore
3528 3553 3925 3653 habitam,
3977 3659 3984 3666 ·

1132 3724 1170 3765 «
1202 3692 1749 3799 experimento
1776 3689 2161 3772 diuturno
2187 3693 2416 3773 vobis
2458 3709 2791 3778 constat.
2829 3693 2994 3771 Nec
3027 3689 3255 3772 vobis
3282 3693 3312 3734 ²
3354 3689 3658 3803 aliquid
3692 3690 3927 3771 dene-

1134 3862 1171 3904 «
1210 3845 1517 3936 gatum,
1579 3830 1961 3939 quociens
2019 3829 2554 3911 humilitatem
2601 3828 3154 3940 pretendistis,
3211 3857 3375 3940 quo
3430 3847 3642 3907 certe
3688 3827 3923 3906 titulo

1133 3999 1169 4038 <c
1204 3993 1420 4044 nunc
1455 3966 1760 4044 caretis.
1808 3966 1914 4044 Ut
1938 3965 2135 4076 quid
2173 3967 2329 4046 hoc
2371 3969 2485 4047 rei
2524 3986 2681 4066 est,
2713 3968 2981 4077 inquit
3003 4026 3022 4062 ,
3056 3982 3147 4044 ut
3180 3966 3267 4043 in
3299 3968 3692 4043 concione
3731 3989 3922 4042 con·

1131 4135 1170 4175 «
1200 4100 1375 4180 fusa
1398 4162 1416 4199 ‚
1453 4098 1686 4181 velud
1719 4101 1885 4208 jam
1917 4101 2150 4181 furiis
2193 4106 2490 4212 agitata
2515 4166 2534 4203 ,
2570 4104 2726 4184 huc
2770 4101 3362 4211 presumpsistis
3403 4097 3809 4196 accedere,
3844 4117 3924 4178 et

1131 4271 1169 4311 <c
1202 4239 1530 4318 vocibus
1574 4238 1934 4346 imperiis
1970 4241 2250 4347 pocius
2283 4268 2522 4351 quam
2561 4236 3039 4322 verecundia
3073 4235 3385 4316 refertis
3423 4234 3725 4347 aliquid
3760 4266 3924 4315 ma·

1132 4408 1170 4447 ‹<
1205 4374 1469 4483 jestati
1508 4376 1723 4482 regie
1783 4375 1958 4481 plus
2016 4378 2434 4456 minaciter
2481 4405 2722 4489 quam
2764 4373 3233 4482 suppliciter
3285 4373 3744 4482 postulare?
3795 4373 3917 4452 Ex

1132 4548 1169 4586 «
1203 4531 1397 4592 tunc
1425 4512 1707 4625 procul
1741 4510 1991 4593 dubio
2020 4532 2101 4594 et
2124 4515 2518 4627 repulsam
2545 4513 3003 4609 meremini,
3031 4528 3110 4591 et
3133 4511 3528 4592 naturales
3549 4510 3921 4592 dominos

1202 4752 1217 4776 ¹
1265 4744 1405 4799 γαν.
1431 4767 1446 4797 .·
1474 4760 1539 4797 nv
1563 4740 1733 4818 5960,
1765 4742 1862 4800 fol.
1893 4741 1963 4801 33
1987 4763 2062 4813 v.,
2087 4705 2381 4816 peroratis.

1202 4837 1220 4860 ²
1258 4829 1333 4886 Le
1357 4848 1420 4885 no
1437 4826 1607 4906 5960,
1634 4828 1733 4885 sol.
1765 4825 1837 4886 33
1861 4848 1936 4900 v.,
1962 4839 2126 4904 porte
2149 4828 2202 4885 le
2226 4840 2350 4887 mot
2367 4848 2614 4905 unquam
2643 4831 2804 4907 apres
2837 4827 3020 4887 vobis.
