4666 6014
1052 655 1194 729 474
1523 645 2212 725 CHRONICORUM
2261 647 2618 723 KAROLI
2670 647 2955 724 SEXTI
3006 650 3181 728 LIB.
3236 651 3362 724 111.

2007 893 2705 1011 ‘CAPITULUM
2760 932 2862 1008 x.

1618 1163 1745 1225 Rex
1771 1164 2194 1227 auriflammam
2219 1168 2443 1248 accepit
2472 1179 2540 1250 ut
2566 1165 2885 1227 debellaret
2915 1165 3268 1248 Flamingos.

1156 1397 1821 1478 Adversariorum
1854 1400 1881 1441 ¹
1925 1425 2252 1478 casuum
2282 1395 2503 1477 tedio
2540 1424 2803 1477 comes
2844 1414 3254 1504 gravatuS,
3294 1414 3376 1476 et
3414 1398 3503 1476 in
3544 1426 3626 1477 se
3670 1400 3846 1504 ipso

1042 1533 1420 1615 deficiens
1443 1595 1462 1633 ‚
1506 1532 1704 1643 quid
1739 1535 1826 1614 in
1857 1552 2084 1615 tanta
2114 1564 2382 1615 rerum
2416 1536 2795 1650 varietate
2832 1561 3036 1644 opus
3070 1537 3176 1615 sit
3204 1534 3658 1615 domesticis
3688 1539 3848 1615 suis

1041 1675 1308 1786 querit
1353 1671 1778 1772 sollicitus;
1821 1675 1957 1784 qui
2004 1701 2280 1754 omnes
2325 1673 2814 1754 unanimiter
2861 1671 3386 1791 decreverunt
3434 1671 3537 1753 ad
3579 1702 3848 1782 regem

1041 1813 1199 1890 cito
1247 1809 1730 1891 mittendum
1755 1874 1773 1911 ,
1832 1813 1973 1924 qui
2023 1812 2434 1892 humiliter
2468 1811 2953 1921 supplicaret
3001 1830 3091 1892 ut
3136 1813 3290 1921 ipsi
3332 1812 3657 1893 vassallo
3699 1842 3845 1894 suo

1039 1950 1233 2058 ligio
1266 1978 1502 2060 opem
1532 1949 1812 2049 ferret,
1850 1953 2106 2059 patrie
2136 1928 2487 2031 desolate
2510 1969 2824 2030 mature
2848 1925 3346 2049 subveniret,
3381 1955 3526 2031 ncc
3550 1954 3847 2032 sineret

1039 2067 1520 2196 Philippum*
1556 2087 1924 2198 iniquum
1965 2085 2470 2195 proditorem
2509 2087 2848 2197 amplius
2884 2085 3312 2167 dominari.
3354 2089 3845 2202 Jamjamque

1040 2224 1534 2331 majestatem
1558 2227 1861 2332 regiam
1881 2225 1984 2305 ab
2014 2224 2297 2305 codem
2317 2226 2792 2336 vilipensam
2813 2253 3000 2334 egre
3017 2225 3308 2324 ferenS,
3328 2228 3413 2305 in
3432 2229 3845 2334 presencia

1038 2360 1614 2440 avunculorum
1655 2378 1735 2440 et
1777 2360 2207 2440 illustrium
2234 2389 2566 2470 suorum
2608 2363 3180 2441 consistorium
3220 2363 3611 2461 tenebat3‘
3635 2393 3797 2477 quo
3824 2428 3841 2462 ‚

1038 2525 1221 2574 cum
1258 2496 1593 2605 injurias
1626 2496 1982 2606 Philippi
2017 2498 2725 2610 necessitatemque
2756 2501 3073 2579 comitis
3121 2497 3496 2581 dominus
3528 2504 3843 2581 Arnauae

1040 2631 1189 2713 dus
1224 2631 1327 2712 de
1361 2632 1706 2712 Corbeia
1735 2661 1876 2712 ore
1903 2632 2206 2713 diserto
2240 2662 2711 2744 proponens
2750 2655 3121 2748 quereret
3149 2635 3348 2750 quid
3385 2637 3574 2718 inde
3598 2666 3840 2747 agen-

1039 2768 1234 2850 dum
1271 2788 1512 2867 esset,
1556 2798 1832 2851 omnes
1853 2832 1872 2870 ‚
1909 2773 2229 2852 nemine
2265 2772 2866 2855 contradicente
2887 2838 2906 2874 ,
2940 2776 3509 2856 concluserunt
3537 2794 3658 2874 ut,
3701 2779 3839 2856 uni

1038 2921 1276 3017 opem
1303 2905 1639 2988 'ferendo
1656 2970 1675 3006 ,
1708 2907 2054 2989 offensas
2084 2910 2408 2990 alterius
2442 2911 3014 2996 intollerabiles
3058 2942 3317 3025 neque
3346 2912 3843 2994 dissimulan-

1037 3044 1176 3125 das
1214 3045 1520 3126 viribus
1543 3044 2070 3127 vindicarent.
2099 3049 2264 3149 Qui
2304 3069 2646 3158 possunt
2684 3081 2778 3131 ex
2831 3051 3102 3131 officio
3136 3051 3425 3139 ,arduis
3461 3054 3843 3133 interesse

1035 3185 1385 3265 consiliis
1406 3248 1424 3283 ‚
1451 3184 1788 3266 tradunt
1819 3187 1923 3267 ab
1956 3188 2364 3268 avunculis
2392 3190 2601 3297 regis
2626 3207 2705 3268 et
2736 3218 2829 3268 ex
2867 3191 3036 3299 ejus
3067 3192 3444 3299 prosapia
3476 3190 3841 3271 oriundis

1034 3325 1297 3433 sepius
1329 3323 1830 3434 alleguatum‚
1857 3323 2078 3436 quod
2103 3353 2272 3405 non
2293 3325 2556 3408 solum
2583 3328 2893 3435 regium
2920 3345 3039 3406 est
3063 3338 3570 3409 contumaces
3601 3331 3843 3437 repri-

1032 3489 1278 3558 mere,
1315 3459 1454 3541 sed
1492 3480 1573 3540 et
1605 3462 1900 3572 injuste
1937 3464 2341 3572 oppressis
2380 3492 2617 3574 opem
2647 3463 2897 3564 ferre,
2931 3480 3008 3542 et
3038 3466 3417 3574 precipue
3453 3463 3836 3561 vassalliS,

1032 3600 1171 3709 qui
1215 3596 1555 3678 fideliter
1602 3599 2075 3708 juraverunt
2124 3629 2395 3709 regern
2446 3619 2526 3680 et
2573 3630 2914 3710 regnum
2974 3620 3257 3681 contra
3318 3629 3839 3714 quoscunque

1033 3738 1264 3816 tueri.
1297 3737 1476 3816 Hiis
1509 3754 1589 3816 et
1622 3736 2015 3816 similibus
2047 3737 2329 3818 mediis
2362 3737 2699 3847 dignum
2730 3736 3139 3819 duxerunt
3174 3736 3609 3819 mittendos
3628 3799 3649 3835 ,
3696 3740 3836 3848 qui

1033 3872 1296 3953 edicto
1336 3875 1561 3982 regio
1612 3875 2090 3983 primiceriis
2142 3877 2489 3956 militum
2555 3878 3065 3986 preciperent
3116 3894 3208 3957 ut
3227 3940 3245 3975 ‚
3297 3906 3478 3956 cum
3529 3894 3835 3987 quanto

1032 4039 1286 4091 cuneo
1340 4028 1885 4120 pugnatorum
1935 4013 2290 4094 valerent
2315 4077 2335 4114 ,
2392 4013 2759 4096 adessent
2810 4014 3019 4093 circa
3068 4013 3422 4093 medium
3476 4014 3835 4094 octobris

1023 4148 1247 4258 'apud
1284 4147 1760 4229 Atrebatum
1779 4213 1798 4249 ,
1851 4169 2130 4233 mutuo
2172 4153 2422 4233 eciam
2477 4180 2561 4233 se
2611 4169 3032 4232 monentes
3088 4170 3179 4230 ut
3198 4213 3216 4249 ‚
3260 4178 3650 4262 quorsum
3695 4151 3832 4232 de-

1032 4289 1318 4367 berent
1369 4285 1734 4387 tendere,
1777 4289 1928 4369 sub
1968 4289 2227 4398 sigillo
2276 4291 2847 4371 taciturnitatis
2897 4289 3491 4397 consignarent.

1147 4422 1425 4504 Soluto
1479 4424 1818 4504 consilio
1838 4487 1857 4523 ,
1913 4454 2055 4504 rex
2096 4428 2546 4536 priscorum
2591 4453 2902 4505 morem
2947 4454 3272 4508 servans
3298 4489 3316 4526 ,
3372 4456 3643 4506 mense
3703 4455 3837 4505 au-

1034 4562 1280 4668 gusti,
1326 4578 1603 4647 octava
1646 4558 1951 4639 decima
1991 4560 2159 4661 die,
2203 4561 2306 4643 ad
2347 4563 2759 4643 ecclesiam
2791 4564 3006 4644 beati
3055 4566 3464 4673 Dyonisii,
3502 4564 3835 4659 Francie

1108 4858 1118 4879 ⁸
1169 4847 1309 4902 Var.
1343 4871 1356 4897 .·
1385 4855 1449 4900 11⁰
1467 4841 1644 4919 5960,
1672 4841 1769 4898 sol.
1801 4846 1870 4912 44
1901 4861 1978 4915 v„
2007 4843 2395 4907 Advemorum
2427 4870 2672 4908 casuum.
