4666 6014
1049 673 1196 750 338
1533 669 2216 743 CHRONICORUM
2265 668 2621 743 KAROLI
2671 667 2956 741 &1:2le
3004 665 3182 741 LIB-
3239 665 3334 742 V.

1049 826 1274 933 quias
1289 885 1307 920 ,
1338 839 1727 932 quantum
1749 820 2228 904 militaribus
2253 817 2543 904 studiis
2566 821 2809 904 funus
2836 819 3090 899 ullum
3124 817 3508 899 celebrari
3532 829 3832 925 potest,

1047 955 1476 1040 familiares
1515 975 2036 1067 peregerunt,
2097 987 2278 1041 cum
2319 977 2585 1040 autem
2627 981 2919 1066 corpus
2969 954 3140 1066 ejus
3185 952 3601 1034 conditum
3654 977 3837 1032 aro·-

995 1185 1005 1195 ,
1049 1100 1237 1176 mati
1245 1099 1420 1196 bus,
1449 1101 1536 1177 in
1557 1100 2110 1208 sarchophago
2136 1099 2516 1210 plumbeo
2542 1099 3017 1210 posuissent.
3037 1096 3264 1197 Quos
3285 1113 3549 1172 autem
3570 1122 3839 1174 secum

1050 1231 1492 1314 adduxerat
1520 1298 1538 1333 ,
1593 1236 1905 1316 nobiles
1945 1256 2027 1316 et
2066 1235 2459 1345 ignobiles
2489 1300 2509 1336 ‚
2557 1237 2783 1348 quasi
2838 1263 3022 1315 oves
3073 1225 3529 1313 ert-abunde
3586 1232 3836 1310 inter-

1046 1370 1254 1450 fecto
1287 1389 1646 1479 pastore,
1675 1375 1927 1452 coacti
1956 1391 2145 1453 sunt
2172 1373 2351 1456 loco
2382 1372 2660 1454 cedere
2697 1371 3047 1452 confuse.
3080 1370 3183 1449 Et
3215 1369 3354 1479 qui
3389 1396 3573 1446 cum
3605 1364 3841 1447 indu-

1051 1508 1338 1586 mentis
1371 1510 1783 1615 gemmatis
1804 1569 1823 1605 ‚
1865 1509 1954 1602 in
1985 1506 2413 1590 dextrariis
2443 1508 2875 1619 phaleratis
2895 1569 2915 1606 ‚
2946 1533 3154 1590 auro
3189 1519 3611 1615 portantes
3632 1521 3842 1583 mar-

1050 1646 1278 1751 supia
1338 1643 1574 1753 plena
1638 1643 2162 1744 advenerant,
2234 1673 2416 1726 cum
2484 1647 2652 1727 sola
2713 1647 2985 1726 tunica
3044 1636 3448 1752 pedestres
3508 1657 3589 1721 et
3620 1697 3629 1706 «
3658 1663 3841 1740 cum

1053 1780 1336 1860 baculo
1387 1779 1923 1890 mendicando
1977 1783 2276 1893 ubique
2338 1781 2751 1863 redierunt
2772 1845 2791 1880 ,
2850 1781 3401 1889 experimento
3449 1775 3843 1860 discentes

1056 1914 1275 2026 quod
1328 1917 1413 1994 in
1469 1944 1765 2026 pompa
1817 1918 2239 2027 temporali
2285 1935 2759 2028 perpetuum
2803 1916 3184 2028 gaudium
3230 1945 3399 1995 non
3447 1911 3839 1995 consistit.

1981 2711 2646 2806 'CAPITULUM
2705 2716 2925 2816 v11.3

1570 2941 1658 3001 De
1693 2942 2031 3017 infidelitate
2062 2909 2281 3005 domini
2313 2947 2469 3009 Petri
2496 2946 2570 3009 de
2601 2923 2899 3013 credonio·
2918 2967 3056 3031 erga
3085 2945 3311 3009 ducem.
3438 2965 3445 2970 ·

1179 3170 1363 3252 Non
1404 3191 1671 3253 tamen
1718 3146 2002 3257 estimo
2057 3154 2555 3259 reticendum
2588 3170 2855 3291 quod,
2904 3204 3087 3259 cum
3130 3193 3255 3255 tot
3289 3174 3678 3285 angustiis
3712 3186 3848 3271 tir-2-

1061 3328 1365 3399 taxetur
1429 3309 1803 3393 dominus
1851 3311 2344 3411 Ludovicus‚
2402 3312 2823 3407 dominum
2870 3314 3191 3393 Petrum
3240 3311 3342 3391 de
3394 3306 3813 3405 Crodonio
3831 3368 3853 3403 ‚

1061 3445 2172 3556 dilectissimumffcognatum
2211 3450 2363 3531 cui.
2390 3450 2823 3558 plurimum
2880 3449 3231 3545 fidebat‚'
3279 3450 3366 3526 in
3433 3447 3857 3545 Franeiam

1061 3580 1626 3681 destinaverat,
1669 3603 1762 3663 ut
1812 3585 1977 3692 jam
2031 3585 2383 3693 collectis
2442 3587 2846 3693 peccuniis
2892 3585 3405 3665 dilectissime
3453 3583 3857 3663 consortis·

1063 3719 1496 3821 industria,
1539 3746 1764 3801 suam
1804 3721 2346 3830 indige-nciam
2381 3722 2784 3829 relevaret.
2837 3726 2909 3801 A
2928 3702 3274 3832 'prefata
3294 3718 3626 3809 domina
3652 3746 3849 3798 con-

1062 3859 1476 3965 sanguinei
1504 3846 1756 3937 relatu
1777 3858 2208 3939 traduntur
2235 3861 2597 3967 ingentes
2626 3854 3040 3969 peccunie3
3068 3884 3406 3972 quarum
3433 3854 3853 3943 dulcedine

1063 4004 1341 4103 captus
1382 4024 1727 4109 nequam
1775 3994 1997 4077 miles
2018 4058 2038 4097 ‚
2092 3995 2455 4107 cupidini
2492 3996 2723 4081 cessit
2761 3994 3133 4093 fidelitas»,
3182 4014 3261 4074 et
3301 3991 3597 4077 oblitus
3630 3992 3854 4074 ducis

1063 4133 1414 4233 miserie,
1459 4132 1561 4213 ad
1597 4135 1881 4215 urbem
1921 4132 2447 4223 Veneciarum
2489 4166 2572 4217 se
2605 4134 3043 4233 divertam,
3079 4129 3181 4213 ad
3228 4134 3855 4217 ostentacionem

1064 4286 1314 4347 status
1365 4286 1468 4361 et,
1498 4266 2000 4357 affluenciam
2033 4298 2580 4383 ,expensarum
2642 4267 3222 4381 compluscule
3279 4269 3451 4353 dies
3513 4272 3713 4379 egit,
3776 4287 3867 4351 et

1064 4434 1314 4517 usque
1358 4406 1459 4487 ad
1506 4425 1850 4487 mortem
1900 4406 2147 4489 ducis.
2205 4409 2505 4489 Audito
2538 4408 2755 4517 ⁴ejus
2779 4409 3041 4507 obitu,
3102 4406 3337 4489 velud
3372 4405 3470 4487 ad
3523 4407 3852 4513 nupcias

1064 4563 1466 4641 evocatus,
1502 4573 1682 4623 cum
1707 4546 2006 4657 insigni
2031 4548 2402 4629 comitiva
2433 4563 2512 4626 et
2543 4564 2929 4657 apparatu
2966 4573 3362 4656 pomposo
3395 4544 3614 4625 venit
3634 4541 3854 4631 Pari-

1064 4681 1260 4777 sius;
1291 4677 1512 4759 unde
1546 4680 1702 4765 sibi
1743 4658 2028 4765 odium
2043 4680 2933 4765 dominovumFrancie
2957 4686 3075 4764 sic
3103 4683 3445 4794 quesivit
3466 4741 3484 4777 ,
3521 4695 3637 4777 ut,
3672 4700 3855 4754 cum

1066 4813 1412 4923 quadam
1470 4814 1599 4897 die
1660 4847 1844 4903 cum
1900 4821 2180 4903 ceteris
2231 4821 2619 4911 militibus
2681 4822 2945 4905 aulam
3010 4821 3319 4927 regiam
3372 4816 3852 4909 introiisset,
