4666 6014
1130 671 1274 741 694
1597 663 2278 739 CHRONICORUM
2329 661 2684 736 KAROLI
2736 660 3019 734 sEx'rl
3068 661 3245 734 un.
3299 661 3436 735 XI.

1241 815 1375 896 Ob
1414 814 1908 896 sedacionem
1965 816 2204 923 hujus
2245 811 2632 894 horrendi
2660 813 3046 892 scismatis
3084 807 3571 921 majestatem
3607 815 3909 922 regiam

1122 951 1602 1064 jampridem
1655 972 1735 1033 et
1789 951 2094 1032 vicibus
2155 954 2549 1032 reiteratis
2604 947 3001 1047 adierant3
3058 965 3136 1028 et
3192 951 3551 1057 quamvis
3616 950 3907 1057 pluries

1129 1093 1336 1201 passi
1372 1092 1705 1171 fuissent
1730 1091 2122 1197 repulsam
2145 1151 2163 1187 ,
2191 1092 2420 1200 juxta
2456 1105 2717 1168 tamen
2757 1087 3208 1196 apostolum
3248 1113 3558 1194 semper
3593 1089 3906 1195 impor-

1130 1247 1318 1308 tune
1368 1247 1575 1308 stare
1652 1231 1813 1308 non
1876 1226 2413 1306 inofficiosum
2475 1227 2968 1322 estimantes»,
3029 1217 3292 1303 adhuc
3351 1241 3612 1304 tamen
3674 1253 3910 1335 super

1126 1364 1341 1475 apud
1373 1384 1729 1445 sanctum
1763 1361 2250 1444 Bernardum
2288 1361 2648 1442 fecerunt
2685 1361 3391 1470 congregacionem
3433 1364 3904 1471 generalem.

1057 1505 1090 1521 “
1133 1503 1254 1581 Ibi
1295 1531 1632 1611 namque
1671 1530 1852 1580 cum
1892 1519 2197 1579 rectore
2226 1501 2561 1579 trecenti
2600 1519 2680 1580 et
2697 1526 2792 1578 eo
2817 1499 3154 1606 amplius
3186 1499 3727 1580 interfuerunt
3752 1528 3911 1579 ma-

1127 1623 1389 1750 gistri,
1443 1643 1581 1749 qui
1635 1638 2117 1718 unanimiter
2160 1638 2720 1716 concluserunt
2764 1664 3026 1745 regem
3083 1638 3368 1715 iterum
3424 1634 3901 1718 adeundum.

1128 1780 1229 1857 Et
1269 1797 1460 1855 tunc
1501 1777 1583 1853 in
1619 1775 2018 1881 theologia
2063 1772 2390 1882 quidam
2433 1771 2715 1852 doctor
2754 1771 3222 1852 venerabilis
3263 1770 3717 1881 deputatur,
3767 1778 3904 1883 qui

1128 1943 1305 1992 cum
1334 1910 1794 1991 difficultate
1817 1909 2227 1989 audiencia
2257 1910 2614 2006 obtenta,
2654 1905 2892 1988 multa
2924 1906 3130 1987 dixit
3165 1909 3348 1987 stilo
3381 1910 3771 2020 croniquo
3798 1909 3903 1990 ad

1125 2052 1451 2157 longum
1508 2048 1833 2126 minime
1884 2045 2340 2142 inserenda,
2401 2047 2583 2154 quia
2643 2043 2942 2124 tedium
3000 2061 3433 2153 generaret.
3477 2045 3641 2125 Sub
3688 2074 3902 2126 com-

1130 2184 1427 2294 pendio
1491 2202 1749 2264 tamen
1808 2183 2200 2279 scribens»,
2282 2183 2548 2289 primo
2611 2182 3108 2278 racionibuS,
3169 2183 3775 2263 auctoritatibus
3826 2201 3905 2263 et

1125 2324 1503 2431 exemplis
1549 2321 1926 2429 probavit
1969 2321 2355 2400 unionem
2403 2317 2502 2399 de
2550 2319 3008 2399 necessitate
3061 2318 3733 2426 promovendam3
3781 2348 3901 2399 se-

1124 2459 1424 2550 cundo,
1475 2457 1696 2569 quod
1739 2486 1834 2536 ex
1879 2458 2239 2537 scismate
2279 2457 2745 2537 oriebantur
2791 2453 3155 2535 scandala
3208 2455 3568 2554 infinita3
3614 2458 3905 2556 tercio,

1124 2595 1339 2707 quod
1389 2598 1540 2675 hoc
1588 2594 1868 2675 sedare
1896 2592 2357 2675 scandalum
2405 2620 2640 2700 super
2682 2621 2998 2689 omnes,
3040 2620 3299 2700 reges,
3340 2595 3788 2703 principeS,
3827 2611 3905 2673 et

1126 2736 1465 2813 barones
1510 2731 2053 2840 principaliter
2085 2747 2495 2826 tenentum
2543 2745 2866 2840 quart0,
2900 2727 3120 2837 quod
3161 2726 3262 2807 ad
3302 2729 3456 2809 hoc
3496 2733 3741 2809 eciam
3776 2745 3899 2810 te-

1127 2885 1421 2949 nentur
1463 2897 1738 2949 omnes
1779 2870 2192 2976 utriusque
2233 2879 2520 2961 statuS,
2577 2865 2714 2947 sed
2759 2881 2839 2946 et
2885 2865 3188 2946 cunctis
3235 2867 3679 2947 tacentibus
3713 2864 3903 2947 Uni-

1122 3009 1452 3087 versitas
1483 3003 1942 3086 Parisiensis
1973 3024 2290 3114 poterat
2319 3006 2474 3086 hoe
2516 3030 3004 3115 promovere.

1238 3140 1412 3222 Hiis
1456 3144 1702 3250 igitur
1743 3136 2355 3223 luculentissime
2410 3145 2845 3251 peroratis,
2883 3160 3282 3252 quotquot
3314 3079 3649 3222 aderant
3679 3136 3903 3222 flexis

1124 3281 1458 3390 genibus
1486 3309 1749 3389 regem
1793 3282 2162 3387 protinus
2191 3299 2630 3360 oraverunt
2665 3298 2756 3359 ut
2786 3281 3212 3360 Ecclesiam
3246 3282 3359 3359 sic
3387 3280 3901 3361 fluctuantem

1124 3435 1203 3496 et
1242 3414 1580 3495 divisam
1628 3420 2115 3524 reintegrare
2162 3433 2256 3521 et,
2282 3418 2516 3495 unire
2560 3414 3054 3525 dignaretur,
3095 3436 3175 3496 et
3210 3415 3310 3496 ad
3354 3419 3903 3526 transquillam

1124 3550 1499 3631 reducere
1531 3552 1987 3632 stacionem.
2019 3551 2104 3631 Si
2135 3570 2687 3633 recenseantur
2716 3554 3037 3633 annales
3054 3616 3073 3651 ,
3108 3553 3174 3631 is
3198 3551 3303 3633 de
3327 3554 3901 3633 virtuosissima

1123 3692 1504 3797 progenie
1545 3712 1824 3797 regum
1873 3688 2214 3770 ducebat
2252 3693 2685 3798 originem,
2728 3693 2866 3799 qui
2917 3688 3019 3769 ad
3059 3714 3265 3798 opus
3298 3692 3551 3771 simile
3602 3691 3899 3800 pluries

1120 3825 1705 3907 laboraverunt.
1732 3829 1833 3907 Et
1866 3829 2223 3938 quamvis
2254 3829 2470 3907 nulla
2498 3852 2622 3907 res
2652 3828 3066 3908 honestior
3100 3854 3245 3908 nec
3275 3829 3711 3938 preclarior
3742 3829 3896 3908 sibi

1123 3976 1568 4071 competere
1597 3983 1902 4073 posset,
1928 3965 2195 4044 nescio
2226 3980 2492 4044 tamen
2520 3990 2861 4073 quorum
2895 3962 3180 4046 ductus
3219 3968 3553 4047 consilio
3575 4029 3595 4066 ,
3621 3980 3713 4046 ut
3743 3964 3898 4047 fas-

1123 4100 1424 4181 tidiunt
1459 4101 1740 4183 auditu
1774 4133 1928 4212 que
1971 4134 2131 4184 non
2178 4104 2529 4213 placent,
2558 4132 2723 4183 non
2764 4102 3016 4184 solum
3041 4102 3264 4186 dedit
3298 4106 3727 4215 repulsam,
3760 4105 3892 4186 sed

1119 4256 1198 4316 et
1225 4236 1636 4319 silencium
1662 4241 1774 4320 eis
1809 4242 2275 4319 continuum
2307 4237 2594 4338 edixit,
2637 4243 2703 4321 si
2735 4240 3123 4321 timebant
3154 4243 3454 4351 regiam
3488 4242 3896 4323 offendere

1117 4377 1630 4482 majestatem.
1665 4376 1794 4455 Sic
1824 4406 1964 4457 rex
1998 4394 2076 4457 et
2105 4405 2345 4458 aurea
2371 4379 2533 4456 lilia
2566 4376 3040 4459 defferentes
3070 4379 3554 4461 Clementem
3574 4409 3896 4461 venera-

1118 4512 1413 4592 bantur·
1444 4530 1826 4622 tanquam
1857 4531 2197 4621 patrem,
2230 4513 2644 4627 eidemque
2669 4515 3199 4596 famulabatur
3223 4519 3553 4597 Francia
3579 4579 3597 4615 ,
3636 4517 3734 4597 ad
3775 4522 3894 4598 sui

1117 4669 1382 4729 tamen
1438 4648 2198 4761 depauperacionem
2243 4655 2608 4750 nimiam,
2653 4640 2833 4733 cum
2880 4651 2979 4732 de
3035 4682 3284 4762 regno
3328 4656 3685 4736 infinitas
3725 4659 3893 4735 exi-

1118 4806 1336 4907 geret
1381 4790 1798 4897 peccunias
1842 4787 1942 4868 ad
1984 4806 2274 4869 statum
2318 4789 2837 4871 cardinalium
2870 4810 2949 4875 et
2996 4818 3228 4875 suum
3272 4794 3510 4874 solito
3554 4820 3894 4905 pompo-
