4666 6014
1194 735 1288 808 26
1698 720 2382 805 ennomcosnm
2433 718 2787 801 maon
2836 654 3120 802 ssx'n
3171 729 3349 841 Lm.
3404 729 3464 801 1.

1189 884 1646 994 juramento
1694 880 1996 960 astricti
2048 854 2269 991 quod
2300 896 2529 959 tanto
2556 877 2889 988 dignum
2935 860 3250 961 honore
3279 894 3812 978 assumerent,
3844 883 3983 988 qui

1195 1023 1438 1103 sciret
1483 1020 1760 1103 castris
1816 1012 2082 1099 locum
2131 1044 2454 1127 capere,
2504 1034 2991 1100 commeatus
3045 1015 3460 1125 expedire,
3515 1015 3619 1096 ab
3671 1014 3985 1135 insidiis

1193 1158 1498 1268 pugiles
1549 1185 1968 1268 precavere
1986 1219 2006 1254 ,
2049 1122 2368 1267 tempus
2403 1185 2676 1266 pugne
2712 1152 3043 1265 diligere
3062 1219 3081 1254 ,
3119 1155 3366 1235 aciem
3402 1156 3798 1237 instruere
3849 1174 3986 1277 aut

1124 1274 1135 1283 ’
1178 1290 1568 1423 subsidiis
1618 1294 1976 1399 firmare,
2022 1296 2408 1406 quociens
2440 1322 2643 1404 opus
2687 1312 2917 1374 esset.
2961 1292 3062 1371 Et
3109 1290 3468 1403 quamvis
3515 1284 3742 1370 multi
3791 1308 3984 1375 stre-

1190 1433 1495 1513 nuitate
1534 1433 1945 1540 conspicui
1980 1450 2064 1513 et
2116 1434 2444 1513 emerite
2479 1430 2664 1512 fidei
2720 1428 2824 1511 ad
2870 1427 2956 1509 id
2999 1426 3272 1509 idonei
3314 1428 3610 1538 reperti
3644 1424 3982 1547 fuerint

1189 1589 1375 1680 post
1400 1571 1691 1651 multas
1733 1589 2001 1655 tamen
2041 1570 2672 1681 disceptaciones
2703 1598 2841 1649 vei
2843 1567 3059 1649 hales
3098 1596 3195 1647 ex
3240 1567 3986 1676 comparacionibus

1188 1710 1796 1789 nominatorum
1838 1708 2401 1819 procedentes,
2455 1702 2778 1789 tandem
2832 1708 2918 1786 in
2935 1705 3383 1786 dominum
3425 1704 3835 1787 Oliverum
3887 1704 3987 1787 de

1188 1844 1644 1949 Clichonio‚
1688 1848 2085 1955 insignem
2134 1847 2523 1927 baronem
2558 1844 2658 1926 de
2696 1844 3049 1924 Britania
3093 1839 3562 1941 oriundum,
3609 1840 3994 1923 audacem·

1186 1978 1520 2061 militem
1572 2000 1677 2062 et·
1710 1982 2134 2064 robustum
2156 2045 2177 2083 ,
2232 1984 2466 2065 bellis
2524 2002 2846 2099 quoque
2900 1982 3342 2089 egregium,
3395 1966 3623 2090 cujus
3674 1978 4008 2059 victrici·

1188 2117 1501 2227 gladio
1537 2108 1975 2229 Anglicana
2052 2116 2556 2205 cervicositas
2636 2110 2935 2228 pluries
3007 2121 3214 2199 victa
3299 2113 3823 2197 succubuerat
3897 2118 3983 2197 in

1183 2258 1718 2367 acquisicione
1759 2256 2179 2356 Guienne,
2215 2274 2789 2336 convenerunt.
3683 2264 3690 2271 ’
3859 2260 3866 2265 ’

1250 2394 1865 2477 Gratissimum
1895 2396 2063 2503 regi
2060 2394 2240 2474 fuit
2268 2412 2433 2476 tam
2455 2396 2757 2475 clarum
2781 2390 3119 2472 militem
3146 2389 3478 2475 domino
3499 2386 3942 2477 Bertmnrio
3963 2454 3981 2491 ,
4012 2420 4027 2433 ·

1187 2531 1315 2615 cui
1364 2530 1449 2609 in
1493 2516 1949 2613 victoriosis
2006 2530 2281 2637 preliis
2324 2558 2590 2637 comes
2640 2527 3101 2619 individuus
3147 2528 3443 2627 fuerat,
3484 2532 3982 2627 successisse,

1187 2668 1613 2776 ipsumque
1649 2694 1837 2749 mox
1890 2693 2079 2746 ense
2128 2648 2356 2775 regio
2405 2668 2882 2775 insignitum
2925 2678 3010 2745 'et
3047 2662 3985 2753 sacramentofidelitatis

1184 2802 1593 2893 astrictum
1616 2803 1852 2912 jussit
1895 2778 2159 2885 Remis
2196 2828 2387 2884 cum
2416 2800 2715 2884 milicia
2746 2801 3101 2885 tendere,
3140 2802 3404 2903 Quem
3439 2820 3558 2903 et,
3589 2802 3722 2885 die
3757 2822 3984 2884 octo—

1183 2936 1353 3024 bris
1399 2940 1783 3048 vigesimo
1831 2941 2117 3050 quinto
2155 2938 2255 3020 de
2288 2938 2710 3022 Meleduno
2768 2938 3147 3022 recedens
3167 3003 3187 3040 ,
3242 2957 3554 3022 secutus
3585 2959 3728 3022 est.
3780 2942 3981 3023 Cum

1184 3102 1279 3153 eo
1336 3073 1438 3154 ad
1479 3073 1632 3155 iter
1687 3106 1769 3155 se
1825 3079 2347 3180 accinxerunt
2389 3105 2572 3158 curn
2626 3077 3024 3158 nobilium
3080 3077 3552 3159 electissimo
3599 3081 3983 3160 comitam

1180 3213 1519 3322 preclari
1570 3212 1879 3298 domini
1939 3216 2274 3316 Biturie,
2329 3207 2829 3325 Burgundie,
2884 3215 2985 3296 de
3037 3215 3452 3296 Borbonio
3501 3227 3580 3296 et
3626 3207 3728 3296 de
3777 3213 3980 3296 Baro

1187 3348 1424 3430 duces
1484 3380 1685 3456 cul-n¹
1731 3352 2159 3432 comitibus
2212 3353 2586 3452 Hanouie
2610 3414 2629 3450 ,
2693 3331 3114 3434 Haricurie
3191 3369 3271 3431 et
3317 3354 3549 3460 Augi.
3610 3349 3980 3453 Quorum

1183 3506 1450 3569 tamen
1497 3461 1943 3599 ingressum
2002 3495 2086 3570 in
2133 3493 2570 3589 civitatem,
2633 3520 2804 3570 non
2865 3517 3044 3570 cum
3105 3485 3429 3571 modico
3476 3492 3767 3572 civium
3825 3485 3985 3574 dis-

1182 3623 1486 3735 pendio
1508 3688 1529 3724 ,
1592 3629 1733 3738 qui
1785 3629 1954 3738 jani
2008 3627 2292 3709 cuncta
2349 3644 3005 3738 preparaverant,
3060 3644 3152 3706 ut
3205 3645 3580 3710 tenentur
3632 3630 3720 3708 in
3763 3617 3980 3707 novo

1184 3760 1532 3843 adventu
1590 3789 1868 3872 regum
1889 3827 1907 3862 ,
1970 3764 2199 3852 ducis
2256 3759 2853 3882 Andegavensis
2909 3789 3092 3862 ceca
3133 3747 3528 3876 cupiditas
3567 3783 3652 3848 et
3696 3767 3980 3846 immo—

1186 3895 1507 3984 demtus
1537 3899 2055 3982 thesaurandi
2093 3927 2319 3982 amor
2351 3901 2808 3982 retardavit.
2849 3906 3154 3984 Acervo
3179 3901 3546 4014 equidem
3583 3904 3979 4009 regiarum

1186 4065 1431 4144 opum
1466 4054 1547 4117 et
1579 4037 2059 4148 inopinabili
2094 4035 2514 4124 effluencia
2538 4041 2564 4085 ¹
2608 4067 2777 4120 non
2817 4057 3278 4138 contentus,
3328 4042 3412 4119 in
3446 4038 3982 4120 avidissimam

1187 4169 1646 4282 cupiditatis
1680 4174 2042 4256 incidens
2081 4179 2586 4287 voraginem,
2619 4179 2958 4290 maJ‘ores
2996 4193 3076 4259 et
3113 4171 3811 4257 habundanciores
3843 4204 3983 4257 au-

1185 4313 1532 4420 spicatus
1591 4329 1710 4392 est
1774 4331 2094 4396 restare.
2154 4318 2692 4398 Decurionum
2750 4316 2862 4398 ad
2923 4317 3078 4397 hoc
3143 4315 3673 4397 inducebatur
3730 4315 3977 4395 relatu

1186 4450 1716 4529 asserencium
1752 4479 2017 4558 regem
2042 4452 2434 4532 Karolum
2463 4452 2968 4553 defunctum,
3003 4452 3431 4536 Meleduno
3465 4473 3545 4538 et
3574 4449 3804 4550 alibi,
3836 4451 3982 4532 ubi

1182 4586 1437 4694 quieti
1496 4603 1577 4667 et
1636 4589 1814 4667 ocio
1870 4571 2377 4696 indulgebat,
2433 4592 2765 4670 laminas
2830 4594 3249 4705 virgasque
3301 4622 3577 4674 aureas
3631 4593 3980 4699 ingentis

1181 4720 1566 4828 ponderis
1606 4725 2071 4804 intersticiis
2100 4751 2519 4816 murorum
2557 4721 3075 4818 artificialiter
3112 4732 3398 4820 clausis
3443 4726 3976 4814 abscondisse.

1264 4938 1278 4958 ¹
1326 4927 1465 4981 Var.
1487 4954 1500 4980 .-
1528 4926 1783 5003 1105960,
1809 4930 1909 4987 fol.
1939 4927 2001 4988 31
2036 4950 2112 5002 ι,
2147 4932 2474 5006 affluencia.
