4666 6014
1105 669 1248 743 546
1571 659 2256 734 GflRssmconUM
2303 656 2664 732 KAROLI
2712 654 3017 776 sexul
3046 654 3225 729 Lm.
3279 653 3416 730 IX.

1101 833 1364 893 tamen
1426 808 1578 888 sibi
1631 827 1824 888 tune
1870 807 2208 888 dilectus
2266 807 2486 887 miles
2530 805 2906 886 dominus
2955 802 3574 903 Boussicaudus‚
3616 824 3697 885 et
3743 810 3885 919 qui

1104 971 1281 1031 cum
1312 969 1412 1028 eo
1438 943 2002 1027 detinebantur
2050 947 2461 1053 armigeri,
2512 947 2651 1056 qui
2704 941 3028 1052 quidem
3064 944 3299 1035 tracti
3349 945 3771 1023 amenitate
3807 963 3886 1023 et
3974 963 3979 970 ¹

1099 1083 1504 1168 vicinitate
1529 1105 1945 1162 nemorum
1980 1146 1996 1181 ,
2037 1095 2130 1162 ut
2173 1081 2328 1162 sibi
2379 1085 2588 1162 inter·
2628 1082 2998 1160 laborum
3045 1079 3551 1161 difficultates
3582 1063 3886 1192 aliquid

1105 1215 1626 1303 recreacionis
1694 1207 2236 1327 indulgerent,
2301 1220 2544 1299 saltus
2631 1219 2966 1326 ingressi
3047 1217 3260 1327 capti
3326 1215 3689 1316 fuerant,
3757 1239 3884 1300 so-

1105 1361 1267 1441 luta
1332 1345 1891 1465 redempcione
1942 1347 2177 1436 liberi
2232 1353 2336 1435 ad
2393 1374 2645 1436 castra
2705 1325 3289 1440 remiterentur.
3365 1347 3569 1435 Cum
3626 1376 3886 1436 autem

1107 1512 1484 1604 prompto
1542 1494 1814 1571 animo
1855 1491 2018 1571 dux
2083 1493 2321 1599 regiis
2375 1471 2999 1612 obtemperasset
3057 1491 3454 1572 mandatis
3478 1553 3498 1591 ,
3560 1495 3646 1571 in
3703 1521 3891 1572 con-

1111 1631 1431 1711 sistorio
1481 1630 1936 1736 principum
1986 1626 2569 1706 deliberacione
2613 1626 2920 1724 habita,
2959 1644 3049 1704 ut
3088 1625 3461 1715 condicta
3500 1627 3886 1737 dieregni

1111 1749 1710 1874 magnificencia
1759 1765 1848 1841 in
1908 1764 2078 1873 ejus
2125 1765 2601 1870 ,recepeione
2660 1779 3131 1864 servaretur,
3190 1764 3677 1844 unanimiter
3725 1784 3886 1845 sta-

1113 1918 1442 1983 tuerunt
1519 1897 1737 2008 quod
1814 1897 2138 1978 domini
2196 1898 2878 1979 conestabularius
2965 1900 3299 1978 Franeie
3374 1901 3735 1984 Oliverus
3815 1921 3895 1981 et

1113 2040 1464 2152 Hutinus
1504 2035 1603 2116 de
1647 2035 2038 2115 Osmonte
2059 2097 2077 2132 ‚
2121 2035 2798 2115 cambellanorum
2834 2036 3211 2143 princeps
3231 2098 3249 2133 ,
3292 2057 3474 2116 euni
3505 2038 3895 2116 sexcentis

1112 2173 1694 2284 pugnatoribus
1726 2174 1991 2253 electis
2041 2183 2121 2253 et
2164 2168 2518 2253 loricatis
2581 2170 2682 2251 ad
2738 2191 3097 2280 unguem
3127 2171 3228 2251 ad
3270 2191 3451 2251 eum
3490 2175 3893 2280 premitte·
3946 2185 3951 2192 '

1075 2287 1416 2410 ,rentum
1461 2303 1611 2391 sub
1654 2305 2255 2420 quorumsalvo
2298 2310 2706 2391 conductu
2746 2291 3277 2392 adduceretur
3316 2313 3671 2390 honeste.
3708 2299 3894 2390 Edi-

1114 2452 1320 2544 citur
1355 2421 1698 2557 insuper
1748 2476 1938 2528 voce
1990 2443 2366 2556 preconia
2423 2466 2512 2528 ut
2566 2450 2823 2557 prima
2869 2448 3113 2547 aeieS,
3161 2476 3312 2557 que
3347 2478 3391 2527 a
3440 2447 3656 2556 regia
3704 2449 3892 2527 satis

1114 2581 1357 2692 spacii
1405 2573 1788 2681 distabat,
1834 2577 2203 2698 ordinem
2247 2602 2919 2684 suum-servaret,
2968 2603 3059 2664 ut
3086 2565 3213 2663 'sic
3258 2562 3425 2663 dux
3465 2587 3634 2693 ipse
3674 2582 3892 2665 ordi-

1113 2741 1295 2802 nate
1330 2749 1490 2830 -per
1548 2719 1785 2830 hujus
1837 2719 2189 2802 medium
2241 2722 2781 2829 pertransiens
2803 2783 2822 2817 ‚
2886 2720 3217 2802 eumad
3266 2723 3516 2818 aciem
3557 2723 3897 2830 regalem

1117 2858 1560 2954 deveniret,
1602 2857 1811 2946 hanc
1841 2858 1950 2936 ab
1987 2875 2337 2968 utroque
2376 2856 2616 2938 latere
2670 2875 3110 2966 separatam
3157 2859 3545 2966 reperiret
3568 2919 3589 2957 ‚
3630 2875 3710 2938 et
3748 2881 3895 2966 per

1117 3016 1492 3104 tyronum
1532 2992 1925 3091 andium,
1969 2996 2194 3104 quasi
2250 3023 2395 3103 per
2447 2994 2690 3073 latam
2733 2995 3130 3092 semitam,
3160 2992 3900 3105 -adregisspresen-

1028 3138 1037 3147 “
1119 3133 1318 3209 ciam
1369 3131 1848 3238 perveniret,
3006 3164 3013 3171 ’

1231 3264 1399 3347 Sub
1453 3268 1803 3346 tentorio
1863 3266 2185 3370 hissino
2216 3268 2474 3347 aureis
2519 3267 2704 3347 liliis
2747 3256 3269 3348 circumtexto
3316 3292 3463 3350 rex,
3512 3274 3598 3350 in
3656 3276 3897 3353 armis

1119 3396 1692 3512 refulgentibus
1773 3416 1966 3501 tunc
2033 3400 2326 3483 resedit
2352 3467 2369 3501 ‚
2424 3416 2609 3514 post
2681 3433 2763 3484 se
2833 3400 3300 3484 scutiferum
3379 3402 3682 3488 habens
3759 3439 3895 3516 ga-

1115 3540 1317 3618 leam
1402 3530 1555 3619 alte
1636 3558 2039 3619 tenentem
2113 3531 2610 3638 deauratam,
2672 3534 2850 3649 pari
2921 3559 3130 3621 statu
3199 3541 3894 3625 circumstantibus

1119 3672 1461 3785 patruis,
1535 3678 2015 3787 propinquis
2086 3658 2254 3786 ejus
2295 3706 2418 3757 ·ac
2485 3677 2971 3758 electissimis
3050 3681 3274 3786 regni
3342 3681 3895 3792 principibus,

1121 3812 1261 3925 qui
1325 3841 1600 3919 omnes
1673 3810 1958 3893 ducem
2040 3832 2461 3894 venturum
2502 3810 2836 3894 ‘diucius
2908 3833 2988 3895 et
3073 3845 3253 3895 cum
3323 3815 3542 3896 tedio
3610 3847 3893 3927 expec-

1115 3967 1489 4033 <taverunt
1555 3949 1753 4056 pede
1819 3950 2024 4046 fixo,
2081 3972 2330 4059 usque
2387 3951 2488 4031 ad
2544 3952 2735 4032 solis
2795 3978 3188 4038 occasum.
3224 3954 3397 4033 Illa
3434 3955 3633 4035 hora
3690 3955 3895 4053 dux,

1122 4083 1729 4193 quadringentis
1757 4066 1855 4165 ex
1886 4088 2050 4166 suis
2082 4087 2602 4167 bellatoribus
2631 4105 2709 4167 et
2740 4089 3068 4195 prefatis
3102 4090 3618 4199 Franeigenis
3647 4095 3894 4173 comi»

1125 4238 1332 4299 tatus
1359 4284 1377 4319 ,
1431 4223 1758 4302 inermis
1799 4241 2293 4302 armatorum
2331 4252 2626 4306 cuneos
2681 4246 2849 4303 non
2891 4226 3063 4305 sine
3098 4225 3644 4327 admiracione
3694 4232 3895 4308 tanti

1124 4359 1513 4437 exercitus
1561 4360 2109 4466 pertranSiens
2134 4421 2156 4456 ,
2216 4389 2398 4457 cum
2438 4389 2688 4468 usque
2739 4359 2839 4439 ad
2894 4362 3183 4471 regalis
3239 4367 3566 4445 tentorii
3609 4366 3897 4445 ostium

1124 4491 1556 4600 perductus
1615 4494 2060 4574 honorifice
2117 4495 2429 4594 fuisset,
2499 4512 2578 4575 et
2633 4524 2898 4604 regem
2959 4502 3267 4579 eminus
3326 4488 3901 4609 conspexisset,

1124 4630 1494 4737 protinus
1558 4655 1653 4706 ex
1703 4655 1909 4736 equo
1964 4627 2377 4731 desiliens,
2420 4633 2806 4723 inclinato
2863 4635 3118 4743 capite
3141 4696 3160 4734 ,
3205 4664 3416 4744 genu
3469 4634 3779 4739 deffixit
3818 4638 3904 4714 in

1123 4779 1442 4843 terram.
1498 4758 1701 4844 Cum
1743 4780 2010 4853 autem
2062 4758 2319 4847 tribus
2373 4769 2679 4850 vicibus
2741 4770 3078 4850 similem
3120 4772 3905 4863 exhibuissethono-
