4666 6014
1031 729 1176 801 2⁵56
1482 722 2164 797 CHRONICORUM
2216 722 2570 796 KAROLI
2623 722 2908 797 SEXTI
2959 725 3135 797 LlB.
3191 723 3383 800 VIII.

1029 905 1180 985 pus
1213 877 1383 984 ipsa
1412 893 1673 972 nocte,
1705 903 1888 954 cum
1918 872 2446 954 decurionum
2476 875 2915 981 insignium
2938 875 3304 954 comitiva
3334 892 3414 954 et
3447 873 3819 957 luminari

1033 1014 1249 1121 regie
1268 1012 1660 1121 majestati
1689 1010 2202 1111 condecenti,
2234 1009 2336 1090 ad
2366 1012 2873 1119 sepulchrum
2903 1039 3180 1121 regum
3199 1074 3218 1111 ‚
3247 1017 3819 1094 monasterium

1029 1152 1283 1229 sancti
1339 1152 1711 1259 Dyonisii
1766 1148 2116 1230 delatum
2166 1168 2325 1245 est,
2379 1166 2461 1228 et
2515 1151 2600 1229 in
2653 1151 2947 1257 capella
3003 1151 3126 1230 avi
3184 1153 3305 1233 sui
3362 1170 3545 1232 ante
3575 1153 3821 1235 altare

1029 1288 1452 1397 sepultum.

1956 1525 2648 1611 CAPITULUM
2718 1532 2872 1609 IX.

1998 1766 2085 1825 De
2118 1778 2458 1847 tempestate
2489 1766 2837 1825 vehementi.

1139 1995 1590 2104 Septembri
1620 2024 1884 2090 mense
1907 1994 2300 2104 predict0‚
2318 1997 2553 2105 longe
2579 1996 2889 2107 lateque
2916 2025 3061 2105 per
3085 2024 3421 2104 regnum
3445 2026 3487 2075 a
3507 2001 3817 2077 cunctis

1027 2136 1282 2214 ventis
1337 2131 1879 2236 cardinalibus
1919 2131 2197 2241 fragor
2234 2134 2656 2249 vehemens
2711 2134 3169 2232 suscitatus;
3226 2154 3574 2244 quantus
3626 2163 3817 2246 qua-

1025 2272 1279 2382 lisque
1310 2272 1814 2379 presencium
1841 2272 2225 2351 memoria
2254 2299 2423 2350 non
2457 2270 2929 2349 meminerat
2961 2270 3152 2350 alias
3184 2268 3563 2350 accidisse
3590 2300 3609 2368 ;
3653 2301 3815 2384 quo

1031 2410 1554 2489 invalescente
1578 2471 1597 2506 ‚
1664 2437 1831 2489 non
1905 2408 2160 2487 solum
2229 2408 2314 2487 in
2393 2407 2859 2487 nemoribus
2922 2408 3253 2488 arbores
3316 2411 3815 2517 proceriores

1028 2547 1310 2626 evulsit
1347 2545 1731 2625 radicitus
1755 2607 1775 2644 ‚
1809 2543 1949 2625 sed
1986 2563 2066 2623 et
2106 2543 2548 2624 dicioribus
2575 2545 2766 2624 viris
2793 2563 3182 2624 terrorem
3213 2572 3380 2624 non
3414 2545 3813 2624 immerito

1027 2685 1379 2766 incussit.
1427 2684 1635 2762 Nam
1676 2681 2086 2762 nonnullis
2120 2680 2330 2798 locis*
2349 2682 2521 2761 solo
2547 2667 2868 2793 equavit
2896 2710 3175 2780 eorum
3204 2678 3520 2760 edificia
3552 2711 3817 2791 sump-

1025 2841 1280 2902 tuosa.
1326 2820 1513 2930 Ipso
1546 2822 1796 2898 eciam
1825 2836 2251 2899 ventorum
2294 2816 2491 2897 flatu
2531 2820 2938 2898 contrario
2982 2803 3471 2928 perdurante
3499 2880 3518 2917 ,
3561 2819 3813 2898 celum

1026 2957 1468 3039 obductum
1505 2955 1859 3037 nubibus
1895 2957 2275 3036 obscuras
2307 2952 2622 3036 inducit
2651 2955 3022 3036 tenebras
3050 2955 3665 3069 circumquaque
3685 3020 3703 3056 ‚
3732 2975 3816 3049 ,et

1022 3097 1263 3175 variis
1302 3094 2059 3175 choruscacionibus
2098 3094 2606 3202 interpollata
2640 3095 2813 3174 luce
2845 3095 3328 3174 micantibus
3371 3097 3630 3203 ruptis
3672 3124 3814 3173 nu·
3908 3182 3919 3188 ⁴

1025 3233 1305 3331 bibus,
1347 3233 1718 3341 mugiunt
1760 3233 2104 3312 clamosa
2147 3233 2551 3329 tonitrua3
2609 3249 2688 3310 et
2726 3261 2821 3311 ex
2867 3232 3232 3342 sequenti
3275 3230 3590 3339 fulgure
3631 3260 3814 3310 cum

1021 3368 1500 3449 animalibus
1552 3370 1813 3476 brutis
1868 3363 2290 3483 plerosque
2346 3368 2714 3448 homines
2783 3370 3252 3448 nunciatum
3292 3385 3411 3447 est
3451 3369 3803 3476 periisse.

1135 3507 1229 3586 In
1245 3507 1452 3606 villa,
1470 3536 1625 3619 que
1650 3507 2058 3592 Placencia
2089 3497 2413 3606 dicitur,
2445 3533 2705 3615 prope
2729 3504 3094 3584 Matrone
3122 3503 3476 3602 fluvium,
3508 3502 3811 3584 fulmen

1023 3646 1298 3726 celitus
1340 3646 1786 3724 immissum
1828 3643 2232 3723 ecclesiam
2268 3645 2436 3730 ictu
2474 3643 2820 3752 perculit
2853 3641 3341 3751 periculoSO,
3376 3642 3813 3741 sacrarium

1021 3811 1343 3895 quoque
1394 3782 1565 3890 ejus
1621 3781 2367 3890 imperceptibiliter
2414 3780 2915 3878 subintranS,
2962 3797 3048 3859 et
3105 3795 3608 3858 concremato
3663 3778 3814 3857 ibi-

1023 3919 1205 4002 dem
1244 3918 1641 4033 quidquid
1686 3921 2140 3999 resistencie
2169 3919 2441 4026 potuit
2464 3919 2823 4025 reperire
2846 3978 2870 4014 ,
2907 3945 3088 3995 cum
3117 3914 3534 3995 thuribulo
3575 3934 3654 3995 et
3688 3942 3812 3996 ca-

1021 4058 1169 4138 lice
1213 4086 1347 4138 vas
1392 4085 1775 4165 cupreum
1807 4054 2269 4136 deauratum
2293 4116 2312 4153 ‚
2359 4055 2445 4132 in
2501 4081 2664 4165 quo
2701 4082 2995 4163 corpus
3030 4053 3337 4132 Christi
3371 4054 3813 4161 repositum

1024 4213 1234 4294 erat,
1271 4196 1765 4305 consumpsit
1803 4194 2124 4303 penitus
2173 4209 2253 4272 et
2292 4190 2395 4271 ad
2436 4190 2822 4270 nichilum
2861 4189 3210 4301 redegit,
3255 4190 3433 4302 ipso
3473 4217 3813 4297 corpore

1025 4334 1552 4414 sacratissimo
1596 4334 1897 4411 intacto
1942 4348 2425 4410 remanente.

1133 4459 1404 4586 Estate
1465 4472 1725 4550 eciam»
1771 4468 1938 4579 jam
2002 4485 2397 4548 transacta
2422 4529 2442 4567 ,
2499 4466 2922 4575 peregrina
2986 4494 3113 4545 res
3175 4484 3255 4545 et
3331 4464 3519 4544 alias
3583 4463 3810 4541 inau-

1025 4607 1193 4689 dita
1221 4636 1491 4690 versus
1527 4604 2010 4699 Laudunum
2058 4623 2139 4684 et
2173 4605 2632 4693 Terreciam
2658 4601 2979 4708 accidit.
3025 4602 3235 4682 Nam
3274 4601 3431 4681 huc
3473 4599 3812 4706 illucque

1025 4746 1254 4839 multi
1288 4746 1507 4826 corvi
1571 4760 1836 4832 rostro
1889 4741 2280 4822 carbones
2331 4744 2633 4852 ignitos
2671 4743 2820 4822 visi
2860 4740 3180 4821 fuerant
3215 4737 3561 4833 deferre,
3608 4761 3811 4846 quos

1022 4884 1249 4992 quasi
1296 4910 1394 4970 ex
1436 4879 1828 4965 industria
1882 4907 2120 4987 super
2160 4879 2580 4986 granchias
2615 4880 2910 4988 stipula
2952 4893 3196 4959 tectas
3234 4875 3811 4986 relinquentes,
