4666 6014
1031 678 1173 751 360
1499 677 2186 757 cunomconum
2235 681 2596 759 KARou
2644 681 2930 786 smm
2970 683 3149 757 un.
3204 680 3331 759 v1.

1139 824 1440 909 Audito
1484 829 1656 939 ejus
1697 829 2049 913 adventu
2078 861 2223 913 rex
2254 837 2567 944 gavisus
2585 898 2604 935 ,
2638 862 2861 916 more
2898 832 3555 943 predecessorum
3572 897 3592 935 ,
3631 836 3822 919 bea·-

1028 980 1200 1043 tum
1222 964 1703 1074 Dyonisium
1720 1030 1739 1067 ,
1764 960 2101 1051 Francie
2123 973 2605 1081 peculiarem
2629 991 3088 1084 patronum,
3123 969 3428 1052 decima
3458 970 3591 1053 die
3613 975 3825 1084 jullii

1025 1101 1530 1187 devotissime
1565 1109 1948 1210 visitavit3
1993 1108 2342 1225 indeque
2371 1113 2794 1194 Ambianis
2832 1109 3144 1221 magnis
3181 1112 3608 1193 itineribus
3641 1132 3821 1195 ten-

1023 1239 1222 1324 dens
1247 1306 1266 1341 ,
1347 1246 1605 1354 ipsam
1663 1248 1821 1327 sibi
1883 1245 2155 1330 federe
2221 1250 2792 1331 matrimoniali
2859 1249 3302 1359 copulavit3
3375 1250 3824 1363 nupcieque

1036 1377 1314 1461 eadem
1355 1380 1484 1463 die
1515 1412 1692 1465 cum
1718 1386 2218 1467 Francorum
2247 1388 2722 1469 exuberanti
2751 1387 3013 1468 leticia
3043 1357 3436 1467 celebrate
3466 1387 3818 1468 fuerunt.

1024 1516 1463 1601 Tediosum
1512 1521 1788 1602 forsan
1832 1542 2042 1605 esset
2111 1543 2192 1604 et
2254 1523 2773 1635 compendiO,
2822 1522 3044 1638 quod
3104 1521 3461 1605 studiose
3525 1552 3777 1635 quero
3798 1586 3818 1624 ,

1025 1660 1559 1758 contrarium,
1612 1687 1761 1769 per
1815 1660 2127 1770 singula
2189 1664 2549 1771 ipsarum
2596 1666 3076 1774 nupciarum
3131 1661 3819 1770 magnificenciam

1025 1790 1499 1893 declamare,
1557 1797 1799 1908 quam
1849 1815 1930 1878 et
1976 1825 2120 1878 ore
2164 1825 2609 1906 preconum
2662 1829 2752 1879 ac
2808 1802 3242 1879 mimorum
3297 1800 3487 1879 satis
3534 1803 3820 1880 estimo

1023 1927 1695 2032 commendatam3
1762 1931 2027 2013 dicam
2076 1953 2349 2016 tamen
2403 1936 2652 2016 nichil
2703 1937 2818 2018 ibi
2865 1934 3208 2016 defuisse
3245 1932 3465 2049 quod
3506 1934 3823 2016 deceret

1020 2048 1321 2175 regiam
1381 2070 1896 2179 majestatem.
1952 2070 2313 2185 Indeque
2376 2090 2782 2154 transacto
2820 2072 3115 2154 triduo
3190 2102 3333 2153 rex
3401 2072 3776 2153 recedens
3795 2135 3815 2173 ,

1018 2206 1378 2312 reginam
1418 2203 1782 2287 custodie
1812 2204 2123 2290 ducisse
2152 2210 2745 2291 Aurelianensis
2774 2229 2855 2290 et
2884 2211 3200 2291 comitis
3227 2212 3433 2318 Augi
3464 2209 3813 2322 reliquit,

1015 2344 1156 2453 qui
1197 2342 1437 2422 ambo
1474 2362 1787 2424 mature
1816 2348 2047 2426 etatis
2076 2365 2331 2427 erant.

1975 2638 2645 2725 CAPITULUM
2709 2645 2859 2727 VI.

1465 2854 1814 2916 Admirallus
1844 2855 2089 2918 Francie
2118 2880 2251 2919 cum
2285 2858 2529 2920 Gallicis
2565 2857 2956 2921 transfretavit
2983 2858 3045 2917 in
3074 2854 3352 2917 Scociam.

1128 3062 1337 3138 Dum
1368 3063 1812 3170 agebantur
1837 3065 2221 3174 predicta,
2245 3069 2551 3181 ubique
2578 3069 2731 3148 viri
2764 3066 3268 3148 ecclesiastici
3293 3082 3373 3144 et
3394 3067 3812 3175 utriusque

1012 3224 1242 3275 sexus
1299 3195 1564 3279 devoti
1620 3204 2020 3309 regnicole
2078 3206 2480 3313 generales
2533 3207 3082 3316 processiones
3146 3202 3644 3293 de,ecclesiis
3707 3198 3810 3282 ad

1009 3335 1373 3415 ecclesias
1396 3341 1916 3448 peragebant,
1948 3361 2029 3421 et
2052 3345 2263 3423 inter
2299 3346 2714 3423 missarum
2742 3342 3214 3450 sollempnia
3240 3339 3550 3420 divinas
3581 3367 3811 3418 aures
3837 3379 3839 3382 ⁴

1015 3471 1438 3577 pulsabant
1458 3535 1477 3571 ,
1546 3475 2085 3586 supplicantes
2151 3498 2242 3559 ut
2291 3482 2430 3589 qui
2488 3480 2746 3560 ventis
2805 3498 2885 3559 et
2929 3479 3126 3556 mari
3173 3493 3493 3584 poterat
3553 3477 3807 3584 impe-.-

1012 3639 1213 3708 rare,
1241 3612 1891 3693 transfretacioni
1924 3616 2424 3696 Francorum
2454 3646 2731 3697 auram
2761 3613 3319 3696 accomodaret
3346 3613 3803 3720 benignam.

1012 3747 1316 3857 Nempe
1356 3779 1401 3828 a
1440 3752 1647 3829 veris
1699 3750 1966 3833 medio
2022 3771 2102 3833 et
2139 3782 2393 3865 usque
2443 3752 2546 3833 ad
2589 3755 2925 3833 inicium
2965 3753 3236 3832 estatis
3275 3749 3543 3830 classis
3590 3776 3807 3828 sexa-

1016 3888 1238 3991 ginta
1264 3890 1613 3987 navium,
1641 3890 1726 3969 in
1753 3889 2148 3998 gallicano
2181 3891 2453 3970 littore
2483 3891 2861 3971 anchoris
2888 3888 3231 3987 firmata,
3259 3887 3471 3966 ultra
3499 3914 3808 3965 morem

999 4021 1331 4102 ‘solitum
1372 4044 1647 4105 mutua
1681 4025 2092 4107 collisione
2128 4057 2335 4136 pene
2362 4026 2706 4139 deperiit
2733 4044 3160 4108 ventorum
3186 4023 3614 4123 violencia3
3649 4053 3806 4136 que

1008 4162 1198 4271 quia
1253 4163 1778 4271 Anglicorum
1819 4166 2322 4273 navigacioni
2356 4164 2804 4264 arridebat,
2855 4165 3110 4272 ipsam
3166 4189 3448 4271 capere
3502 4162 3800 4271 pluries

1009 4317 1147 4379 aut
1196 4302 1382 4407 igne
1420 4301 1689 4381 voraci
1748 4298 1939 4380 dare
1973 4320 2606 4413 temptaverunt3
2646 4300 2787 4381 sed
2835 4298 3163 4381 audacia
3203 4296 3627 4380 custodum
3673 4318 3799 4378 to-

1006 4440 1223 4518 ciens
1251 4436 1751 4518 retrocedere
1779 4458 1967 4520 sunt
1990 4440 2406 4551 compulsi.
2429 4441 2594 4520 Nec
2622 4439 2982 4519 contenti
3014 4439 3407 4518 reiteratis
3439 4436 3800 4545 repulsiS,

1009 4576 1176 4673 ubi,
1204 4576 1490 4656 avulsis
1525 4577 1939 4675 anchoriS,
1965 4577 2340 4660 secundis
2371 4578 2749 4661 fluctibus
2777 4576 2949 4657 vela
2973 4575 3365 4657 committi
3399 4571 3800 4669 viderunt,

1012 4741 1203 4793 mox
1246 4742 1529 4793 navem
1555 4713 1796 4823 lignis
1837 4713 2086 4795 aridis
2109 4778 2129 4816 ,
2180 4719 2392 4825 pice,
2432 4716 2866 4829 liquamine
2915 4732 2995 4795 et
3040 4711 3419 4794 omnibus
3450 4710 3610 4791 hiis
3647 4736 3827 4820 que‘

1009 4852 1270 4929 solent
1311 4853 1575 4959 ignem
1617 4851 1889 4932 fovere
1927 4880 2178 4970 usque
2216 4850 2318 4934 ad
2356 4882 2756 4937 summum
2796 4852 3192 4960 replentes
3212 4911 3232 4949 ,
3274 4851 3462 4956 igne
3508 4846 3803 4957 injecto
