4666 6014
1110 626 1253 695 πο
1560 609 2244 686 CHRONICORUM
2295 608 2649 681 KAROLI
2700 605 2985 686 sEx'ri
3012 561 3210 682 miz.
3265 609 3432 683 ΧΠ.

1116 790 1194 849 et
1229 792 1661 874 regnorum
1691 761 2295 843 christianitatis
2328 761 2619 855 sciens,
2654 776 2732 838 et
2759 787 2996 866 super
3025 789 3299 840 omnes
3341 790 3605 870 regem
3635 766 3885 843 Fran-

1115 910 1232 984 cie
1265 902 1648 983 extollens
1676 964 1693 996 ‚
1742 900 2032 1007 pluries
2066 895 2358 976 dixisse
2401 894 3236 1005 fertur‘FrancigeniS‚
3264 898 3520 1006 quod,
3554 904 3891 1007 peractis

1116 1043 1508 1120 inchoatis
1529 1038 1614 1116 iu
1633 1036 2042 1144 Hungarie
2066 1034 2434 1141 partibus
2458 1049 2535 1110 et
2555 1030 3101 1140 adjacentibus
3117 1031 3607 1141 regionibu5‚
3631 1038 3891 1145 ipsum

1118 1176 1583 1257 intendebat
1617 1177 1785 1252 sine
1825 1171 2077 1251 dubio
2119 1172 2461 1250 visitare.
2487 1169 2777 1249 Verbis
2813 1172 2982 1280 ejus
3021 1167 3422 1250 modicum
3464 1175 3892 1254 moveban-

1117 1333 1274 1393 tur.
1312 1314 1512 1390 Nam
1553 1310 1908 1389 sciebant
1949 1309 2537 1416 animositatem
2577 1308 2786 1414 regis
2822 1336 2969 1386 nec
3004 1309 3241 1386 minis
3278 1336 3424 1387 nec
3454 1311 3895 1390 terroribus

1118 1479 1349 1559 posse
1392 1448 1636 1556 quati.
1694 1443 1918 1529 Unde
1961 1444 2114 1523 sibi
2164 1446 2318 1553 que
2353 1441 2775 1521 audierant
2812 1461 3264 1540 narrantes,
3299 1471 3481 1523 eum
3510 1444 3899 1525 refferunt

1116 1583 1618 1693 respondisse
1665 1614 1679 1661 ε
1737 1618 1774 1656 «
1812 1583 2134 1660 Utinam
2188 1579 2535 1689 placeret
2586 1582 2796 1677 De0‚
2851 1597 2931 1658 et
2976 1584 3287 1661 occasio
3328 1579 3633 1662 adesset
3682 1581 3895 1693 quod

1118 1751 1432 1831 possem
1459 1718 2092 1834 monomachiam
2127 1718 2627 1796 committere
2651 1734 2932 1795 contra
2957 1714 3251 1822 ipsum!
3289 1751 3327 1790 »
3364 1737 3373 1746 “

1237 2179 1555 2255 Famam
1588 2174 1938 2251 nominis
1967 2170 2165 2276 regii
2193 2169 2358 2247 hiis
2386 2186 2466 2246 et
2485 2167 2878 2248 similibus
2903 2169 3156 2248 titulis
3191 2170 3617 2275 probitatis
3647 2172 3895 2251 libeu-

1127 2334 1243 2395 ter
1297 2315 1572 2423 utique
1629 2308 2031 2389 dilatasset
2055 2368 2074 2403 ‚
2137 2309 2248 2386 sic
2301 2333 2578 2414 pacem
2620 2333 2802 2384 cum
2855 2305 3131 2384 emulis
3192 2310 3417 2413 regni
3467 2308 3896 2390 habuisset.

1124 2456 1462 2558 Propter
1511 2475 1751 2556 quam
1811 2441 2437 2552 adipiscendam,
2511 2440 2927 2520 dominum
2978 2441 3431 2549 Taupinum
3491 2443 3590 2522 de
3644 2447 3899 2526 Cantu

1126 2587 1422 2666 Merule
1481 2613 1659 2663 cum
1702 2580 2108 2661 nonnullis
2160 2579 2333 2658 aliis
2390 2578 2839 2658 scientificis
2896 2581 3086 2657 viris
3145 2576 3247 2658 ad
3304 2608 3563 2688 regem
3625 2585 3906 2691 Anglie

1126 2722 1572 2802 destinavit.
1639 2719 1752 2812 Is,
1806 2736 1897 2796 ut
1956 2716 2482 2796 communiter
2531 2712 2982 2810 dicebatur,
3039 2713 3367 2798 devotus
3426 2720 3769 2797 existens
3829 2736 3907 2797 et

1127 2861 1432 2940 cruoris
1480 2856 1806 2935 humani
1848 2853 2319 2931 effusionem
2369 2850 2851 2949 abhorrenS,
2913 2849 3012 2930 ad
3052 2880 3322 2958 pacem
3366 2856 3554 2932 totis
3603 2854 3905 2934 viribus

1128 2996 1574 3076 anhelabat.
1604 2993 1705 3071 Et
1734 2989 1915 3071 ideo
1947 2987 2047 3069 ad
2075 3017 2336 3097 regem
2377 2988 2758 3077 Karolum
2815 2990 3146 3068 nuncios
3180 3018 3365 3070 mox
3397 2989 3724 3091 direxit,
3770 2994 3906 3102 qui

1131 3133 1383 3212 eidem
1420 3130 1861 3211 retulerunt
1900 3123 2120 3234 quod
2171 3143 2389 3204 certo
2436 3142 2795 3231 tempore
2833 3124 3071 3232 hujus
3123 3130 3314 3205 anni
3363 3125 3643 3208 ducem
3700 3132 3905 3208 Len-

1132 3272 1414 3350 castrie
1449 3264 1549 3346 ad
1582 3294 1760 3346 eum
1805 3281 2134 3372 propter
2187 3262 2341 3341 hoc
2398 3259 2851 3341 destinaret.
2891 3262 3177 3370 Regem
3214 3265 3603 3345 Karolum
3643 3265 3908 3345 videre

1134 3407 1395 3487 dictus
1436 3403 1601 3483 dux
1645 3400 2110 3480 mirabiliter
2152 3396 2611 3495 affectabat,
2654 3427 2982 3506 sperans
3029 3428 3125 3478 ex
3159 3420 3588 3509 conspectu
3635 3420 3907 3481 mutuo

1137 3547 1385 3623 cicius.
1439 3538 2019 3620 controversias
2065 3533 2496 3642 sopiendas
2523 3595 2542 3631 ,
2598 3564 2774 3614 cum
2832 3539 3234 3645 conspecti
3296 3539 3552 3617 vultus
3604 3555 3681 3616 et
3736 3539 3908 3617 vive

1138 3707 1367 3759 voces
1402 3674 1503 3757 ad
1533 3673 2007 3755 movendum
2052 3675 2358 3752 animos
2393 3672 2728 3750 multum
2758 3672 3095 3777 possint.
3141 3672 3241 3753 Et
3270 3676 3382 3752 sic
3414 3675 3711 3754 nuncio
3736 3701 3914 3782 per,

1132 3835 1311 3896 acto
1333 3877 1352 3911 ‚
1396 3813 1711 3920 Anglici
1747 3811 1916 3918 regi
1961 3809 2124 3889 vale
2156 3809 2371 3889 dicto
2408 3806 2507 3887 ad
2550 3810 2877 3915 propria
2909 3807 3340 3889 redierunt.

2075 4138 2744 4221 CAPITULUM
2794 4143 2961 4265 111.

1917 4422 1932 4431 ..
2014 4375 2102 4434 De
2147 4387 2329 4436 morte
2373 4376 2594 4435 comitis
2634 4374 3025 4436 Hermeniaci.

1255 4609 1425 4688 Sub
1466 4606 1673 4687 idem
1733 4623 2042 4711 tempus
2100 4604 2634 4685 Bononienses
2689 4622 2768 4683 et
2828 4605 2891 4683 F
2894 4605 3268 4683 lorentini
3318 4602 3671 4685 videntes
3742 4634 3824 4683 se
3869 4635 3913 4682 a

1138 4775 1318 4855 rege
1384 4746 1712 4823 Francie
1767 4768 2000 4848 opem
2049 4738 2341 4821 frustra
2399 4745 2757 4849 peciisse,
2822 4741 3190 4819 comitem
3246 4737 3347 4834 de
3401 4743 3935 4839 Armeniaoe,·
