4666 6014
1140 648 1278 718 706
1485 651 1502 658 “
1581 637 2261 711 CHRONIGORUM
2314 633 2669 709 KAROLI
2719 636 3005 708 SEXTI
3053 636 3230 714 hlB.
3284 636 3454 707 ΧΠ.

1142 829 1178 865 «
1209 791 1321 869 nil
1351 787 1886 869 delectabilius
1917 787 2003 864 in
2036 784 2343 864 mundo
2385 789 2577 895 ipsis
2619 785 2807 881 fuit,
2850 786 3103 892 regie,
3154 786 3363 863 sicut
3388 784 3652 892 jussus
3698 811 3870 862 sum
3896 847 3914 878 ‚

1141 962 1177 998 ι(
1210 925 1465 1004 offero
1508 924 1928 1033 majestati,
1975 907 2386 1002 humiliter
2426 922 2881 1030 supplicans
2921 940 3012 1000 ut
3054 919 3248 1001 illud
3285 920 3515 1000 solita
3557 920 3917 1027 benigni-

1145 1100 1180 1136 «
1216 1081 1375 1142 tate
1410 1063 1710 1168 placeat
1751 1060 2251 1140 confirmare.
2285 1097 2323 1134 »

1256 1197 1500 1299 Quod
1531 1198 1953 1314 prolixiori
1985 1226 2347 1277 sermone
2384 1217 2573 1279 tunc
2607 1216 3067 1306 peroratum
3105 1198 3368 1278 extitit
3408 1200 3631 1306 prius
3671 1214 3922 1276 astan-

1144 1338 1360 1416 tibus
1402 1353 1680 1415 notum
1717 1352 1908 1412 erat.
1948 1333 2137 1412 Ideo
2190 1337 2504 1414 nunciis
2556 1364 2719 1414 non
2778 1335 3206 1431 submotis,
3262 1351 3351 1412 ut
3390 1331 3917 1414 deliberatum

1144 1475 1437 1570 fuerat,
1475 1471 1983 1551 cancellarius
2022 1470 2516 1578 respondens
2554 1503 2568 1549 ε
3538 1569 3539 1574 ¹

1263 1647 1298 1684 «
1323 1611 1686 1705 Canem,
1748 1608 2049 1721 inquit,
2108 1626 2605 1716 compertum
2657 1608 3057 1721 estquod
3105 1623 3425 1717 accepta
3470 1626 3605 1690 est-
3648 1606 3925 1688 divino

1153 1784 1187 1820 «
1223 1747 1682 1855 conspectui
1709 1743 2175 1853 transquilla
2219 1743 2677 1825 moderacio
2707 1771 3178 1853 regnorum,
3212 1773 3367 1856 que
3394 1746 3768 1852 superbia
3807 1772 3932 1822 ca·-

1155 1920 1190 1956 «
1220 1901 1379 1980 ret,
1423 1900 1502 1961 et
1539 1883 1931 1960 cervicose
1970 1881 2345 1960 elacionis
2389 1900 2669 1961 contra
2715 1883 3024 1989 plebem
3069 1884 3270 1962 vicia
3311 1910 3477 1961 non
3528 1883 3925 1989 cognovit.

1155 2057 1191 2092 «
1226 2019 1499 2116 Unde,
1527 2036 1609 2097 et
1635 2020 1701 2096 si
1742 2016 2021 2096 dicatis
2062 2021 2266 2097 cives
2303 2035 2607 2098 vestros
2641 2018 2750 2098 ob
2787 2020 2942 2097 hoc
2974 2021 3543 2099 instantissime
3584 2016 3927 2097 vallidis-

1156 2193 1190 2229 «
1222 2187 1375 2266 que
1410 2157 1848 2252 obtinu'ffse
1878 2155 2249 2261 precibus
2269 2216 2286 2251 ,
2324 2173 2414 2233 ut
2437 2156 2588 2235 sub
2622 2155 3088 2236 obediencia
3114 2183 3390 2263 regum
3424 2155 3927 2263 singulariter

1156 2327 1194 2366 «
1224 2310 1666 2387 manerent,
1717 2288 2005 2369 addam
2043 2309 2307 2369 tamen
2359 2321 2403 2369 a
2447 2292 2874 2398 nepotibus
2929 2309 3010 2370 et
3052 2291 3439 2372 fratribus
3487 2294 3927 2399 priscorum

1156 2465 1194 2506 <c
1226 2459 1500 2538 regum
1525 2493 1543 2526 ,
1587 2430 2078 2507 Francorum
2145 2431 2662 2535 permissione
2717 2432 2803 2508 in
2853 2432 3181 2540 sceptris
3230 2428 3691 2538 agentibuS,
3743 2457 3933 2541 quo-

1155 2602 1193 2640 «
1224 2594 1401 2644 rum
1432 2565 1768 2674 gradum
1799 2566 2510 2672 consanguinitatis
2554 2594 2766 2644 nunc
2793 2582 3010 2646 tenet
3042 2565 3412 2648 dominus
3446 2563 3935 2662 LudovicuS,

1160 2738 1194 2775 «
1226 2703 1469 2782 frater
1515 2701 1828 2784 domini
1873 2703 2131 2779 nostri
2177 2703 2386 2809 regis
2410 2764 2429 2799 ‚
2468 2730 2707 2811 quem
2750 2702 3099 2783 intendit
3135 2699 3238 2782 ad
3280 2719 3587 2782 tantum
3624 2703 3935 2782 culmen

1160 2874 1197 2912 «
1233 2840 1564 2917 honoris
1599 2837 2064 2934 sublimare,
2099 2839 2356 2943 patrie
2395 2856 2473 2917 et
2512 2840 3062 2947 compatriotis
3101 2868 3239 2918 rex
3279 2837 3519 2947 digne
3547 2858 3628 2918 et
3655 2838 3931 2919 lauda-

1161 3012 1196 3048 «
1232 2974 1498 3053 biliter
1558 2975 1668 3052 sic
1709 2971 1962 3053 credit
2012 2972 2495 3082 providisse,
2530 3005 2747 3057 ·cum
2793 2978 2946 3084 ipsi
3008 2975 3339 3056 habenti
3393 2976 3552 3083 jam
3617 2951 3929 3059 oculum

1164 3148 1198 3186 (ι
1234 3113 1772 3221 perspicacem
1801 3128 2086 3218 sponte
2119 3110 2440 3191 fluentis
2470 3115 2763 3223 eloquii
2800 3142 2967 3193 non
3000 3091 3207 3192 desit
3231 3115 3731 3221 prerogativa
3774 3117 3927 3191 sin-

1170 3284 1204 3359 «
1241 3249 1536 3357 gularis
1606 3277 2062 3360 summeque
2130 3249 2624 3331 affabilitatis
2695 3253 2807 3331 sic
2857 3244 3552 3347 commendabilis,
3619 3266 3697 3328 et
3764 3267 3929 3329 tota

1161 3421 1197 3462 «
1227 3390 1351 3466 sui
1386 3385 1858 3465 habitudine
1906 3404 2319 3467 venustam
2369 3391 2637 3467 eximii
2692 3390 3077 3496 principis
3135 3387 3569 3496 portendat
3617 3389 3929 3496 elegan-

1159 3559 1197 3597 «
1230 3527 1452 3603 ciam.
1500 3524 1571 3601 N
1576 3552 1663 3602 ec
1694 3507 2031 3602 credatis
2070 3526 2180 3603 sic
2210 3522 2657 3603 dominium
2692 3522 3031 3604 divisum
3062 3554 3106 3603 a
3141 3513 3733 3637 coronasquod
3764 3554 3929 3604 non

1158 3696 1200 3734 «
1228 3663 1479 3768 possit
1513 3678 1770 3738 tractu
1808 3661 2216 3769 temporiS‚
2250 3659 2685 3741 secundum
2715 3662 2921 3768 leges
2959 3664 3300 3771 parium,
3339 3659 3594 3770 adjus
3629 3664 3929 3769 regium

1162 3784 1512 3877 «redire.
1561 3794 1751 3895 Ideo
1792 3798 1946 3876 hiis
1988 3798 2353 3895 attentiS‚
2393 3826 2911 3885 rex,monens
2948 3801 3293 3908 precipit
3327 3815 3418 3876 ut
3446 3826 3632 3906 erga
3668 3801 3929 3907 ipsum

1165 3968 1200 4004 «
1233 3931 1690 4012 fidelitatem
1733 3933 2272 4013 inviolabilem
2324 3937 3078 4044 servetistanquam
3120 3932 3451 4014 domino
3494 3937 3857 4014 naturali.
3892 3972 3929 4009 >›

1275 4070 1370 4148 In
1404 4071 1653 4149 oculis
1705 4072 2251 4150 assisten'cium
2298 4099 2557 4151 sermo
2603 4076 2824 4152 omni
2871 4074 3340 4180 accepcione
3387 4069 3676 4180 dignus
3724 4075 3930 4153 visus

1156 4209 1346 4305 fuit3
1401 4208 1824 4320 solutoque
1878 4208 2215 4288 consilio
2262 4212 2537 4290 nuncii
2584 4209 3002 4291 redeuntes
3058 4238 3239 4291 cum
3293 4236 3764 4318 responsum
3798 4212 3929 4291 ci-

1156 4345 1385 4425 vibus
1439 4346 1933 4445 retulissent,
2003 4345 2395 4427 mandatis
2456 4351 2694 4456 regiis
2747 4375 3026 4456 parere
3091 4346 3427 4452 dignum
3485 4345 3927 4443 duxerunt,

1155 4498 1234 4561 et
1273 4479 1558 4562 ducem
1606 4468 2152 4563 advenientem
2194 4511 2418 4563 more
2465 4486 2686 4593 regio
2733 4485 3178 4564 honorifice
3218 4488 3568 4595 recipere
3609 4462 3923 4579 curave-

1158 4637 1372 4698 runt.
