4666 6014
1009 693 1153 765 292
1476 685 2160 764 CHRONICORUM
2211 687 2569 766 KAROLI
2619 686 2906 764 SEXTI
2954 690 3134 764 LlB.
3186 689 3316 765 lv.

1012 878 1050 917 «
1090 844 1370 952 abesse
1397 833 1517 922 ⁴ab
1562 840 1808 936 domo
1867 867 2037 921 non
2090 841 2474 950 possint?
2529 842 2739 921 Non·
2764 856 3012 941 estus,
3058 869 3227 921 non
3280 840 3591 950 frigora
3641 846 3811 952 pati

1013 1015 1052 1056 α
1093 980 1467 1093 possint?
1515 980 2013 1062 Erubescant
2059 980 2426 1090 profecto
2448 1043 2466 1078 ,
2528 980 2594 1060 si
2642 978 2822 1090 quis
2881 978 2996 1059 eis
3037 978 3196 1057 hoc
3245 978 3566 1059 obiciat.
3621 980 3813 1061 Non

1013 1156 1051 1195 «
1094 1121 1405 1229 impetu
1453 1120 1733 1229 pocius
1784 1117 1991 1199 bella
2040 1144 2282 1232 quam
2326 1116 2931 1230 perseverancia
2980 1136 3170 1197 sunt
3215 1115 3612 1226 gerenda3
3661 1148 3816 1232 que

1015 1289 1055 1331 «
1094 1258 1456 1369 quamvis
1502 1259 1590 1336 in
1634 1257 1859 1336 omni
1899 1254 2220 1368 quidem
2276 1283 2567 1366 genere
2608 1253 2902 1336 milicie
2925 1317 2949 1354 ,
2993 1272 3257 1335 tamen
3315 1258 3402 1335 in
3447 1253 3820 1337 obsiden-

1012 1430 1050 1468 «
1095 1391 1222 1474 dis
1270 1393 1616 1475 urbibus
1664 1395 2103 1475 necessaria
2162 1413 2283 1475 est
2307 1456 2326 1495 ,
2372 1423 2716 1507 quarum
2759 1389 3178 1506 plerasque
3221 1394 3819 1475 municionibus

1013 1569 1050 1607 «
1093 1562 1184 1613 ac
1233 1532 1582 1613 naturali
1632 1534 1794 1613 situ
1852 1532 2518 1643 inexpugnabiles
2568 1532 2780 1612 fame
2831 1532 3125 1644 sitique
3183 1538 3511 1643 tempus'
3554 1534 3817 1643 ipsum

1010 1706 1048 1744 a
1086 1671 1340 1750 vincit
1398 1688 1638 1783 atque
1692 1688 2102 1781 expugnat
2133 1732 2153 1769 ,
2216 1670 2423 1750 sicut
2493 1668 2766 1749 hostes
2793 1730 2812 1768 ,
2880 1666 3217 1749 domino
3280 1667 3771 1750 concedente
3795 1732 3812 1766 ‚

1012 1843 1048 1881 <c
1090 1805 1610 1917 expugnabit.
1657 1841 1695 1882 1>

1122 1945 1301 2023 Hiis
1338 1944 1609 2024 verbis
1650 1971 1819 2023 non
1850 1945 2397 2046 obstantibus,
2428 1969 2610 2025 cum
2650 1943 2993 2026 ducibus
3030 1943 3132 2025 de
3165 1947 3390 2053 regio
3433 1930 3855 2053 sanguine·

1011 2083 1451 2191 procreatis
1497 2081 1826 2162 fuerunt
1874 2085 2373 2164 contrarium
2411 2086 2855 2168 sencientes
2880 2146 2899 2185 ,
2949 2101 3031 2165 et
3082 2086 3261 2196 qui,
3313 2112 3540 2163 more
3573 2083 3823 2164 Fran-

1013 2221 1473 2329 cigenarum
1520 2220 1759 2301 insita
1816 2205 2323 2322 credulitate,
2381 2220 2848 2303 fidelitatem
2895 2222 3234 2302 alienam
3279 2223 3440 2302 cito
3487 2225 3824 2332 propria

1012 2360 1439 2439 mecientes
1467 2420 1488 2458 ,
1553 2356 1737 2438 ficta
1793 2358 2039 2439 verba
2095 2362 2180 2440 in
2253 2378 2566 2470 partem
2632 2361 3024 2474 optimam
3092 2374 3618 2468 receperunt;
3680 2388 3826 2438 nec

1013 2492 1515 2596 attendentes
1564 2492 1989 2578 insidiosas
2032 2493 2256 2576 ducis
2299 2500 2672 2597 astucias‚
2722 2494 2861 2577 sed
2900 2497 3143 2578 verba
3187 2495 3288 2578 de
3330 2525 3535 2607 pura
3578 2498 3828 2605 ipsius

1013 2635 1509 2716 consciencie
1567 2633 1842 2714 cellula
1893 2636 2374 2744 processisse
2397 2698 2417 2735 ,
2472 2635 3127 2746 approbaverunt
3180 2636 3630 2716 consilium.
3697 2634 3827 2714 Sic
3948 2631 3954 2638 ’

1011 2773 1182 2882 ejus
1245 2772 1494 2880 igitur
1537 2770 1958 2852 laberintis
1999 2790 2081 2852 et
2141 2771 2618 2883 ambagibus
2669 2772 3007 2854 involuti
3022 2835 3042 2872 ,
3100 2800 3198 2854 eo
3261 2789 3587 2854 evocato
3627 2802 3646 2849 ε
3699 2771 3825 2870 Si,

1016 2943 1053 2981 (ε
1096 2910 1520 3021 inquiunt,
1553 2907 1792 2992 dictis
1815 2912 2101 2991 vestris
2129 2912 2373 2993 verba
2399 2911 3024 3021 compensaretis
3066 2907 3435 3010 fideliter,
3477 2926 3559 2988 et
3586 2908 3828 2989 nobis

1018 3084 1054 3121 «
1099 3074 1284 3127 vere
1324 3066 1765 3147 constaret,
1833 3047 2146 3130 deserta
2200 3049 2665 3150 obsidione,
2732 3051 2950 3158 pacis
3012 3046 3285 3129 federa
3342 3067 3423 3129 et
3482 3066 3828 3128 assuetas

1017 3220 1053 3258 (ε
1095 3185 1450 3303 hostium
1488 3187 1988 3268 incursiones
2018 3189 2581 3288 commercari,
2609 3186 2893 3296 procul
2929 3185 3181 3267 dubio
3216 3189 3304 3266 in
3340 3190 3829 3267 sentenciam

1019 3357 1055 3394 «
1090 3339 1434 3402 vestram
1484 3351 1763 3405 omnes
1825 3325 1942 3404 ire
1997 3323 2337 3433 dignum
2383 3343 2609 3405 esset.
2660 3359 2697 3399 >2
2761 3321 3008 3426 Quod
3055 3350 3239 3404 cum
3295 3322 3826 3434 jurejurando

1017 3489 1101 3540 se
1148 3440 1550 3541 facturum
1609 3464 1903 3543 iterum
1976 3461 2488 3563 affirmasset,
2544 3464 2613 3543 si
2677 3462 2794 3542 fas
2844 3463 2951 3542 sit
2999 3458 3301 3560 dicere,
3364 3478 3555 3540 tunc
3604 3462 3829 3569 prin·-

1020 3601 1235 3708 cipes
1301 3599 1646 3680 consulti
1709 3601 2060 3711 pectoris
2120 3599 2391 3682 verbis
2458 3598 2977 3709 decipiuntur
3033 3596 3436 3679 inanibus.
3503 3594 3826 3678 Abhinc

1019 3738 1402 3849 utrinque
1469 3737 1705 3819 liberi
1777 3757 2261 3820 commeatus
2336 3735 2929 3853 conceduntur,
2992 3754 3073 3817 et
3114 3733 3311 3844 *dux
3380 3730 3481 3814 ad
3559 3734 3825 3814 hostes

1019 3877 1394 3956 mittitur.

1055 4040 1062 4045 ·
1136 4014 1300 4114 Qui
1367 4014 1856 4122 legacionem
1914 4009 2126 4096 cum*
2160 4017 2385 4096 omni
2449 4013 2949 4127 jocunditate
3010 4000 3533 4122 suscipientes
3561 4074 3581 4112 ,
3639 4013 3829 4124 quia

1023 4150 1274 4229 nichil
1331 4149 1636 4231 avidius
1690 4153 2216 4252 affectabant,
2270 4172 2501 4263 grato
2533 4169 3100 4233 concurrentes
3133 4178 3450 4230 assensu
3482 4211 3501 4249 ,
3553 4147 3830 4229 condi·
3966 4142 3975 4149 ’

1025 4291 1342 4367 cionem
1386 4289 2015 4398 amplectuntur3
2062 4292 2487 4401 multiplici
2543 4293 2915 4371 nituntur
2958 4286 3245 4368 ducem
3287 4289 3602 4368 honore
3652 4314 3832 4396 pre-

1023 4426 1331 4526 venire,
1387 4429 1692 4537 gracias
1742 4428 2273 4531 exsolventes,
2322 4425 2546 4543 quod
2584 4446 2752 4507 tam
2791 4424 3063 4507 sedule
3115 4442 3438 4539 tamque
3485 4422 3827 4505 fideliter

1025 4593 1305 4685 eorum
1374 4565 1705 4647 salutem
1768 4588 2299 4676 procurasset.
2366 4564 2484 4648 Eo
2547 4567 2798 4647 eciam
2860 4566 3241 4662 instanti,
3313 4562 3828 4672 persuasione

1027 4701 1291 4801 duciS,
1327 4702 1755 4786 duodecim
1804 4733 1906 4785 ex
1951 4705 2102 4806 eis,
2133 4710 2277 4820 qui
2329 4736 2639 4789 summa
2689 4706 3164 4786 auctoritate
3221 4698 3784 4811 preminebant
3808 4759 3826 4795 ,

1027 4843 1118 4919 in
1167 4860 1553 4950 apparatu
1605 4869 1999 4952 pomposo
2048 4862 2130 4924 et
2175 4873 2270 4925 ex
2321 4874 2520 4926 auro
2568 4844 2920 4926 vestibus
2966 4838 3389 4922 fimbriatis
3408 4898 3429 4938 ,
3479 4837 3647 4944 regi
3702 4863 3828 4914 re-
