4666 6014
1095 705 1139 773 8
1606 693 2291 770 CHRONICORUM
2342 692 2698 768 KAROLI
2747 692 3034 768 SEXTI
3083 694 3261 768 LIB.
3314 695 3373 769 1.

1099 851 1364 947 resiis‚
1393 844 1918 928 disertissimo
1951 849 2295 946 oratori,
2332 844 2518 926 data
2555 842 2878 926 dicendi
2920 848 3184 954 gracia
3225 844 3444 958 quod
3477 874 3703 927 mens
3744 848 3899 927 sibi

1097 986 1573 1097 suggerebat
1622 1017 1641 1064 :

1219 2096 1258 2139 <c
1292 2063 1717 2170 optarem,
1760 2063 2068 2173 inquit,
2102 2062 2443 2171 preclari
2477 2064 2929 2174 principes,
2964 2064 3309 2143 maxime
3342 2064 3428 2142 in
3461 2061 3611 2143 hac
3634 2080 3898 2173 parte,

1108 2235 1144 2275 <c
1187 2200 1422 2279 talem
1475 2200 1676 2279 mihi
1745 2198 2097 2279 Tulliani
2148 2229 2436 2281 venam
2487 2188 2873 2310 obtigisse
2896 2264 2916 2302 ‚
2966 2229 3124 2311 que
3192 2201 3664 2281 immortalis
3732 2229 3898 2281 me-

1110 2368 1148 2411 «
1188 2337 1442 2416 morie
1488 2337 1697 2445 regis
1742 2335 2024 2415 Karoli
2083 2364 2558 2449 semperque
2598 2339 2846 2418 michi
2905 2338 3300 2419 reverenti
3342 2339 3692 2448 suspirio
3743 2366 3905 2418 me-

1106 2508 1145 2549 «
1185 2471 1556 2553 morandi
1594 2474 1976 2583 preconia
2017 2471 2261 2584 digne
2297 2468 2835 2584 depromeret.
2868 2475 3000 2556 Sic
3038 2477 3317 2588 utique
3357 2478 3444 2556 in
3475 2504 3617 2556 vos
3650 2474 3900 2556 fando

1105 2646 1143 2687 (ι
1184 2608 1831 2692 transfunderem
1853 2673 1874 2706 ‚
1939 2639 2180 2723 quam
2241 2611 2580 2721 provide
2632 2614 3246 2724 progenitorum
3303 2611 3700 2693 mandatis
3768 2611 3905 2693 ad-

1106 2786 1145 2826 «
1187 2749 1487 2832 diderit
1525 2748 1854 2863 quando
1897 2769 2065 2831 tam
2107 2752 2381 2834 nobile
2412 2782 2787 2863 regnum,
2827 2773 2993 2835 tam
3032 2754 3335 2836 salubri
3364 2754 3904 2865 gubernaculo

1107 2923 1146 2965 <c
1182 2888 1397 2971 inter
1445 2916 1915 2997 guerrarum
1945 2887 2436 2999 procellosos
2463 2890 2869 2971 anfractus
2900 2888 3405 2971 moderatum
3420 2952 3440 2989 ,
3459 2891 3910 3002 'vestrisque

1107 3061 1149 3104 <t
1184 3029 1496 3108 viribus
1560 3044 1880 3107 auctum
1898 3089 1917 3127 ‚
1979 3045 2491 3136 posterorum
2559 3031 3192 3110 committeretur
3264 3031 3665 3139 regimini.
3738 3028 3908 3109 Sub

1109 3201 1147 3241 (ε
1189 3162 1670 3274 compendio
1727 3183 1995 3245 tamen
2057 3164 2320 3246 dicam
2376 3167 2494 3246 ad
2539 3167 2686 3247 Ιιοο
2734 3169 2759 3213 ¹
2830 3168 3093 3247 omnis
3158 3169 3280 3248 evi
3356 3184 3576 3276 gesta
3645 3167 3908 3276 ipsum

1109 3339 1149 3379 <c
1189 3302 1599 3384 induxisse
1622 3365 1640 3402 ‚
1695 3331 1851 3415 que
1906 3331 2187 3413 regum
2240 3303 2577 3402 liberos,
2628 3304 2885 3383 teneri
2948 3303 3101 3384 sub
3155 3320 3361 3383 etate
3415 3302 3779 3384 moribus
3830 3318 3911 3380 ot

1110 3473 1148 3516 «
1184 3437 1629 3551 prudencia
1661 3441 2050 3541 imbutos,
2082 3440 2526 3550 reipublice
2548 3441 2877 3520 utilitati
2912 3440 3272 3521 referunt
3303 3440 3547 3521 cicius
3580 3466 3913 3519 concur-

1111 3613 1149 3653 «
1188 3581 1386 3660 risse
1414 3608 1662 3691 quam
1693 3579 1889 3660 alios
1921 3579 2261 3660 minoris
2293 3596 2546 3659 status
2576 3596 2786 3660 etate
2824 3579 3063 3687 longe
3095 3578 3423 3687 majori,
3454 3578 3685 3689 juxta
3712 3573 3912 3656 illud

1112 3751 1150 3792 α
1191 3714 1413 3828 quod
1465 3715 1847 3797 scribitur
1881 3746 1899 3795 ε

1805 3902 1838 3941 α
1885 3873 2241 3944 Cesaribus
2268 3880 2487 3945 virtus
2517 3877 2794 3969 contigit
2827 3890 2991 3943 ante
3016 3876 3179 3943 dies.

1112 4035 1822 4117 «Innumerabiles
1892 4038 2006 4116 sic
2072 4035 2398 4122 videbat
2463 4034 2697 4117 tarda
2755 4063 2924 4116 non
2994 4049 3450 4143 expectasse
3512 4054 3918 4109 annorum

1113 4208 1151 4249 <c
1185 4173 1601 4254 molimina
1650 4171 1754 4254 ad
1795 4172 2358 4284 attingendum
2396 4175 2805 4256 honorum
2856 4200 3257 4254 summum
3306 4168 3662 4264 culmen3
3697 4165 3825 4245 et²
3870 4191 3917 4243 a

1112 4345 1151 4385 α
1191 4312 1437 4392 sacris
1487 4310 1810 4410 litteris,
1858 4338 2016 4422 que
2053 4311 2097 4390 J
2100 4312 2259 4392 oab
2311 4311 2418 4393 ab
2468 4329 2752 4392 octavo
2811 4329 2894 4391 et
2909 4311 2982 4390 J
2985 4310 3284 4390 oathan
3331 4336 3377 4387 a
3426 4305 3771 4414 septimo
3828 4303 3922 4379 in

1112 4482 1151 4526 α
1188 4450 1520 4560 sceptris
1553 4449 1804 4559 egisse
1832 4447 2219 4548 referunt,
2250 4447 2356 4530 ad
2396 4447 2720 4529 annales
2744 4466 3144 4527 transeam
3163 4441 3780 4536 modernorum,
3809 4453 3917 4532 et,

1112 4621 1151 4664 (t
1186 4617 1708 4700 pr1nc1puum
1751 4585 1992 4668 decus
2046 4587 2111 4666 F
2113 4615 2386 4667 rancle
2400 4646 2421 4685 ‚
2471 4584 3057 4666 sanctissimum
3100 4579 3602 4662 Ludovicum
3619 4638 3639 4675 ,
3687 4572 3913 4683 cujus

1192 4859 1207 4883 ¹
1238 4847 1344 4902 Ad
1363 4847 1481 4917 hoc,
1502 4845 1803 4920 emprnnte
1825 4862 1897 4900 au
1918 4842 2159 4922 1105960,
2186 4841 2286 4900 fol.
2309 4858 2478 4917 29v.,
2625 4847 2648 4874 ¹
2692 4840 2833 4895 Var-
2859 4858 2874 4886 -·
2904 4846 2969 4893 n·
3005 4836 3182 4913 5960,
3231 4835 3331 4892 fol.
3375 4850 3447 4917 29
3470 4850 3525 4889 v.
3552 4840 3613 4887 et
3649 4837 3713 4885 ue
3746 4825 3922 4884 sacri·

1114 4949 1355 5010 nanque
1379 4932 1518 4991 dam
1538 4932 1594 4990 le
1619 4940 1682 4988 η’
1706 4927 1873 5010 5958.
2553 4924 2792 4999 litteris,
2819 4935 2930 4982 etc.
