4666 6014
1075 671 1217 744 498
1512 658 2195 735 cnRONICORUM
2242 657 2599 736 KAROLI
2646 658 2932 734 SEXTI
2980 660 3156 736 ΠΒ.
3212 659 3410 737 vm.

1074 813 1405 898 consilio
1439 812 1749 920 excepit
1782 808 2267 908 honorifice,
2310 811 2704 891 reiteratis
2744 811 3051 891 vicibus
3092 812 3375 892 refecit
3409 809 3821 921 dapsiliter
3847 876 3869 912 ‚

1075 981 1240 1034 non
1272 951 1444 1031 sine
1475 947 1699 1028 fluxu
1727 976 2153 1028 munerum
2182 1011 2201 1047 ,
2242 948 2494 1028 verbo
2539 966 2619 1028 et
2640 948 2868 1028 vultu
2908 947 3368 1058 significans
3400 979 3582 1031 cum
3619 951 3867 1034 multa

1074 1088 1364 1171 mentis
1392 1084 1817 1195 hylaritate
1850 1087 2213 1165 omnium
2246 1114 2328 1165 se
2364 1087 2794 1196 suscepisse
2823 1085 3276 1167 adventum.
3312 1087 3406 1166 In
3440 1086 3866 1171 adventum

1075 1228 1326 1307 eciam
1366 1222 1863 1333 prefatorum
1904 1221 2171 1330 gaudii
2228 1223 2454 1331 signa
2507 1223 2998 1303 accumulare
3053 1226 3380 1333 cupiens
3405 1288 3423 1322 ,
3477 1228 3867 1307 reiteratis

1071 1364 1378 1446 vicibus
1422 1365 1508 1442 in
1557 1362 1857 1469 campis
1910 1360 2137 1441 beate
2189 1360 2632 1440 Katherine
2685 1359 3113 1443 hastiludia
3160 1362 3535 1444 militaria
3591 1367 3870 1446 statuit

1075 1528 1463 1582 exercere.
1510 1495 1753 1600 Quod
1801 1494 2129 1576 audiens
2182 1524 2323 1576 rex
2364 1496 2651 1604 Anglie
2687 1496 2972 1578 letatus
3012 1515 3167 1594 est,
3213 1516 3292 1578 et
3332 1493 3867 1580 urbanitatem

1080 1639 1286 1746 regis
1300 1635 1635 1717 Francie
1655 1631 2254 1732 commendam,
2272 1633 2662 1713 solemnes
2684 1634 3026 1714 nuncios
3047 1631 3499 1731 destinavit,
3524 1637 3665 1746 qui
3681 1633 3868 1717 inde

1087 1774 1410 1851 meritas
1460 1771 1767 1879 gracias
1823 1768 2250 1848 referentes
2311 1767 2709 1849 induciale
2770 1767 2999 1849 fedus
3063 1797 3242 1849 cum
3307 1798 3401 1849 eo
3460 1800 3710 1884 usque
3767 1771 3868 1852 ad

1082 1936 1431 1988 mensem
1463 1908 1741 1986 marcii
1777 1905 2369 1986 confirmarent.

2054 2191 2737 2272 CAPITULUM
2800 2194 2901 2271 X.

1937 2425 2027 2488 De
2054 2426 2283 2507 nupciis
2313 2425 2593 2488 lobannis
2620 2425 2694 2487 de
2722 2387 3023 2488 Britanias

1191 2633 1595 2715 Johannes
1618 2630 1719 2712 de
1752 2633 2103 2712 Britania
2122 2695 2142 2731 ,
2170 2632 2382 2713 filius
2411 2633 2722 2714 domini
2748 2633 3026 2714 Karoli
3046 2696 3065 2733 ‚
3101 2633 3511 2746 quondam
3546 2637 3863 2715 comitis

1083 2768 1179 2849 de
1224 2769 1469 2850 Blesis
1489 2834 1508 2869 ‚
1570 2772 1655 2849 in
1719 2768 1928 2849 bello
1978 2767 2324 2879 d'Auray
2364 2773 2604 2851 occisi
2660 2789 2995 2880 propter
3040 2769 3414 2853 ducatum
3472 2774 3823 2852 Britanie
3843 2836 3861 2870 ,

1078 2925 1169 2985 ut
1207 2908 1569 3018 superius
1612 2924 1914 2987 tactum
1944 2899 2096 3005 est,
2146 2907 2377 2988 obses
2420 2906 2666 3017 longo
2707 2925 3068 3018 tempore
3108 2910 3193 2990 in
3235 2908 3521 3018 Anglia
3580 2910 3860 2989 extite-

1075 3062 1205 3123 rat
1228 3105 1250 3139 ,
1299 3063 1378 3123 et
1442 3043 1542 3125 de
1607 3074 1818 3125 novo
1884 3044 2446 3153 redempcione
2498 3046 2755 3126 soluta
2805 3045 3189 3126 liberatus
3250 3047 3551 3153 fuerat3
3617 3046 3864 3127 filiam

1077 3179 1388 3261 domini
1421 3182 1721 3262 Oliveri
1763 3180 1863 3262 de
1907 3182 2247 3262 Clichon
2290 3180 2804 3293 desponsavit
2847 3180 2977 3262 die
3014 3199 3474 3265 sanctorum
3528 3184 3863 3265 Fabiani

1077 3336 1155 3396 et
1183 3317 1652 3399 Sebastiani.

2018 3534 2693 3617 CAPITULUM
2759 3488 2913 3617 x'l.

1929 3768 2092 3832 Villa
2120 3769 2346 3832 Montis
2378 3770 2659 3831 Fert-andi
2689 3756 2855 3853 capta
2879 3768 3008 3830 suit.

1187 3978 1281 4055 In
1306 3977 1782 4089 Aequitania
1812 4006 1994 4056 cum
2032 3977 2445 4058 nonnullis
2473 3977 2906 4075 nobssibuS‚
2940 4005 3038 4056 ex
3056 3975 3359 4056 furtivo
3380 3993 3643 4055 tamen
3674 4006 3871 4058 con-

1073 4113 1351 4195 cubitu
1382 4116 1844 4223 procreatiS,
1875 4133 2104 4195 erant
2126 4116 2303 4215 viri,
2336 4118 2477 4228 qui
2503 4116 2654 4196 sub
2680 4115 2929 4224 signis
2961 4111 3478 4221 Anglicorum
3508 4111 3857 4194 dicentes

1072 4280 1154 4331 se
1201 4253 1581 4352 militare,
1633 4251 1734 4332 de
1788 4254 2243 4364 municipiis
2295 4256 2561 4363 sepius
2605 4251 3133 4360 erumpebant
3185 4268 3265 4330 et
3313 4279 3457 4359 per
3514 4254 3854 4361 patriam

1070 4387 1563 4499 adjacentem
1610 4390 2173 4499 grassabantur
2231 4390 2671 4487 hostiliter,
2730 4390 2880 4471 sub
2934 4388 3169 4469 titulo
3226 4385 3594 4470 nundum
3642 4392 3854 4497 pasti

1069 4529 1318 4607 annui
1360 4528 1785 4637 persoluti;
1828 4526 2114 4636 prodas
2151 4556 2478 4640 quoque
2524 4527 3097 4609 intollerabiles
3139 4512 3619 4624 exercendo,
3644 4554 3855 4637 quo-

1071 4667 1286 4746 ciens
1347 4665 1728 4747 insidiose
1777 4683 2033 4745 castra
2079 4665 2349 4777 aliqua
2405 4667 2940 4776 occupabant,
3003 4665 3134 4746 illa
3185 4666 3422 4746 bonis
3478 4664 3852 4743 omnibus

1072 4802 1547 4909 spoliabant.
1611 4803 1830 4885 Inter
1892 4804 2375 4885 concionum
2427 4806 2886 4915 iniquarum
2938 4804 3299 4887 scelestes
3352 4802 3849 4910 primicerios
