4666 6014
1907 703 3024 1003 cHRONlccRUM

1588 1104 2507 1265 KAROLI
2642 1107 3328 1266 SEXTI

1921 1441 2288 1527 mssER
2379 1436 2985 1551 QUARTUS.

2307 1696 2627 1750 Pontificum
2653 1714 2736 1760 vn,

2305 1770 2695 1836 Imperatorum
2721 1770 2903 1822 nullus
2921 1810 2933 1832 ,

1435 1845 1825 1898 Ann‘flDomini
1850 1862 2204 1898 nccctuxm.
2305 1843 2635 1895 Francorum
2667 1860 2740 1902 iv.

2306 1916 2606 1984 Anglorum
2633 1934 2710 1967 vu
2728 1951 2747 1976 ,

2306 1992 2496 2046 Sicilie
2532 2012 2592 2044 u.

2056 2473 2727 2554 CAPITULUM
2796 2478 2859 2550 Ι.

1448 2709 1573 2769 Rex
1602 2709 1846 2769 Francie
1874 2709 2187 2768 exereitum
2220 2710 2607 2792 congregavit·
2618 2707 2698 2768 nd
2727 2705 3140 2770 debellandum
3171 2710 3460 2791 Anglicos.

648 2952 770 3004 Anni
794 2953 987 3001 Domini
1176 2941 1666 3023 Transcursa
1701 2942 1982 3050 hyeme
2004 3003 2023 3039 ‚
2074 2970 2257 3021 cum
2311 2943 2577 3049 prima‘
2625 2942 2830 3021 veris
2877 2940 3434 3052 subsequentis
3487 2969 3569 3019 se
3618 2941 3857 3021 obtu-

644 3043 999 3078 mmmm'
1064 3082 1330 3159 lerunt
1360 3081 1598 3159 inicia
1620 3142 1639 3177 ,
1673 3077 1991 3186 Anglici
2010 3141 2029 3176 ,
2068 3107 2288 3158 more
2321 3108 2466 3159 suo
2503 3080 2792 3191 quietis
2824 3056 3337 3187 impacientes
3365 3140 3384 3174 ,
3419 3081 3561 3191 qui
3592 3108 3859 3187 regem

1064 3217 1455 3295 Karolum
1506 3215 1899 3295 induciale
1947 3214 2178 3295 fedus
2215 3233 2728 3326 aspernatum
2753 3278 2772 3314 ‚
2827 3244 3007 3295 cum
3057 3215 3163 3294 ab
3209 3244 3303 3294 eo
3350 3216 3592 3295 eximi
3641 3244 3861 3295 recu-

1062 3371 1307 3432 sasset
1334 3354 1678 3433 amicum
1708 3354 2085 3431 intimum
2126 3381 2393 3460 regem
2427 3352 2836 3462 Hyspanie
2867 3354 3022 3432 sibi
3054 3371 3286 3461 pacto
3322 3349 3855 3431 indissolubili

1062 3488 1691 3587 confederatum,
1728 3490 2245 3598 impacienter
2284 3490 2653 3570 ferebant
2678 3553 2695 3588 ,
2751 3491 3174 3570 Franciam
3227 3488 3673 3602 inquietare
3705 3507 3857 3567 sta-

1060 3646 1413 3724 tuerant,
1448 3624 1552 3705 ad
1583 3627 1736 3705 hoc
1763 3654 1906 3734 per
1936 3626 2361 3736 populares
2387 3625 2720 3708 inducti.
2750 3628 2957 3707 Sane
2979 3618 3150 3736 jam'
3175 3656 3390 3708 anno
3419 3644 3853 3721 transact0‚

1060 3794 1237 3845 cum
1297 3793 1538 3873 super
1614 3761 2137 3872 expedicione
2218 3766 2553 3843 instanti
2642 3765 3174 3845 celebraretur
3246 3764 3703 3860 consilium,
3768 3767 3854 3842 in

1057 3902 1262 3982 urbe
1307 3899 1918 3980 Londoniarum
1967 3901 2310 3983 tumultu
2378 3920 2661 3982 exorto
2710 3903 3116 4012 populari,
3164 3892 3853 4010 archiepiscopum

1061 4018 1709 4118 Cantuariensem
1731 4102 1750 4138 ‚
1791 4041 2053 4117 virum
2082 4041 2362 4150 utique
2393 4040 2478 4118 in
2510 4042 2814 4122 cunctis
2852 4037 3603 4133 commendabilem,
3647 4039 3854 4144 regis

1059 4175 1646 4272 cancellarium,
1726 4174 2315 4287 nonnullosque
2380 4176 2878 4256 consiliarios
2960 4176 3258 4284 regales
3336 4175 3559 4293 ferali
3634 4173 3855 4255 rabie

1059 4316 1334 4421 agitati
1394 4317 1758 4425 nequiter
1819 4317 2429 4410 interemerant,
2483 4315 2973 4394 occasionem
3032 4310 3415 4393 addentes
3465 4315 3651 4423 quia
3705 4342 3855 4419 pa-

1057 4479 1228 4531 cem
1285 4469 1755 4561 perpetuam
1780 4452 1989 4530 inter
2022 4479 2247 4561 reges
2271 4478 2755 4559 componere
2783 4450 3309 4530 conabantur.
3339 4451 3574 4557 Regis
3603 4451 3851 4528 eciam

1049 4586 1438 4667 Richardi
1472 4591 1870 4696 ignaviam
1916 4587 2234 4697 publice
2266 4605 2724 4695 arguentes,
2758 4615 2937 4667 eum
2996 4585 3350 4667 desidem
3398 4605 3478 4666 et
3523 4585 3852 4692 degene-

1058 4752 1228 4803 rem
1275 4725 1706 4821 vocabant,
1757 4754 1937 4804 cum
1984 4750 2206 4802 more
2263 4722 2843 4833 predecessoris
2902 4754 3121 4804 arma
3187 4754 3354 4804 non
3409 4725 3849 4827 corriperet

1061 4869 1146 4949 iu
1201 4865 1574 4947 Francos,
1630 4864 1794 4965 Qui
1850 4858 2207 4959 tandem,
2265 4890 2365 4940 ne
2427 4861 2875 4942 timiditatis
2930 4861 3165 4940 titulo
3226 4876 3662 4953 notaretur,
3712 4873 3850 4941 aut
