4666 6014
1073 624 1215 695 ⁴96
1542 616 2225 693 GHRONICORUM
2267 615 2632 712 KAROLI
2681 614 2965 690 SEXTI
3015 618 3191 690 LIB.
3246 617 3371 692 111.

1072 770 1318 851 illatis
1364 741 1914 878 repdsceretur
1961 764 2339 872 vindicta.
2380 765 2559 870 Ad
2567 794 2752 882 suos
2812 794 3005 874 ergo
3057 768 3381 847 veniens
3434 783 3516 846 et
3573 794 3852 848 eorum

1075 935 1344 988 casum
1394 904 1927 1018 miserabilem
1953 881 2395 1020 attendens
2413 966 2433 1003 ‚
2502 901 2724 1011 gravi
2772 901 3052 982 dolore
3101 930 3516 1011 percussus
3572 920 3654 983 et
3694 933 3857 984 me-

1073 1071 1257 1123 rore
1277 1058 1832 1123 consternatus
1849 1039 2197 1140 debito,
2175 1044 2699 1158 ingemiscens
2728 1038 3284 1152 etintelligens
3318 1037 3459 1119 id
3436 1065 3521 1118 m
3554 1042 3852 1148 ipsum,

1071 1183 1140 1259 si
1168 1207 1341 1258 sors
1376 1177 1829 1288 obtulisset,
1857 1177 2189 1276 factum,
2227 1179 2615 1256 concione
2650 1192 3002 1273 evocata,
3037 1175 3325 1254 milites
3358 1161 3813 1256 consolatur
3834 1240 3852 1274 ‚

1071 1314 1343 1395 dicens
1377 1314 1710 1416 stultum
1736 1343 1901 1394 esse
1934 1314 2174 1402 rebus
2205 1291 2503 1428 cuncta-5
2520 1339 2905 1424 prospera
2948 1340 3300 1420 sperare,
3320 1311 3852 1424 ⁸temperanda

1074 1449 1441 1531 dulcibus
1483 1479 1745 1531 amara
1771 1513 1790 1550 ‚
1839 1450 2016 1550 letis
2054 1453 2315 1530 tristia
2360 1478 2948 1561 nonnunquam
2968 1512 2987 1549 ‚
3028 1452 3488 1562 quesiteque
3526 1452 3857 1538 victorie

972 1604 975 1607 ’
1074 1581 1245 1669 non
1284 1588 1602 1696 longam
1638 1586 1978 1682 leticiam
2013 1571 2855 1668 -existere'affirmavit
2899 1586 3200 1667 Omnes
3238 1587 3488 1684 eciam
3530 1615 3689 1696 pro
3717 1616 3863 1679 cu-

1072 1727 1358 1836 jusque
1418 1726 1706 1826 merito
1764 1751 2028 1806 comes
2084 1723 2457 1824 laudam,
2515 1752 3003 1836 manumque
3066 1689 3863 1838 poi-rigens,5÷munifi·

1078 1858 1345 1941 cencie
1373 1860 1724 1941 liberalis
1744 1922 1764 1960 ,
1817 1860 2111 1952 milites
2158 1879 2237 1942 et
2284 1861 2883 1970 armigerosiob
2929 1863 3329 1969 insignem
3368 1849 3694 1970 operam
3722 1889 3863 1940 au-

1075 1997 1234 2080 reis
1287 2001 1841 2110 argenteisque
1869 1999 2339 2081 muneribus
2366 1997 2742 2097 donavit3
2797 1996 3375 2080 nonnullorum
3422 1999 3678 2080 eciam
3738 2024 3861 2076 res

1081 2132 1554 2214 domesticas
1604 2133 1965 2216 reddidit
2008 2135 2476 2243 ampliores;
2522 2136 3423 2246 impacientissimeque
3428 2131 3690 2258 ferens
3734 2159 3863 2210 eo-

1078 2263 1259 2350 rum
1293 2243 1863 2371 infortunium,
1896 2288 1987 2351 ut
2019 2265 2288 2352 locum
2322 2272 2491 2380 odij
2523 2291 2718 2353 tunc
2762 2270 3012 2371 daret,
3048 2273 3409 2352 nuncios.
3400 2269 3584 2378 regi
3621 2267 3863 2349 desti-

1080 2408 1332 2505 navit,
1361 2409 1504 2519 qui
1535 2410 1619 2487 in
1651 2334 1983 2517 predam
2024 2428 2354 2488 suorum
2385 2425 2646 2489 totum
2673 2426 3170 2518 exponerent
3211 2410 3701 2488 comitatum.

1109 2639 1114 2644 ,
1194 2543 1314 2622 Ex
1374 2544 1734 2652 profugis
1796 2546 2120 2652 interim
2175 2544 2595 2655 Philippus
2651 2564 2985 2655 pontem
3043 2546 3435 2660 lucratum
3493 2540 3823 2627 audiens
3842 2605 3861 2639 ,

1080 2708 1263 2788 egre
1303 2665 1521 2778 tulit,
1564 2698 1644 2759 et
1701 2697 1894 2772 tunc
1950 2682 2251 2763 solvere
2317 2681 2826 2776 obsidionem
2860 2683 3151 2783 voluit,
3206 2680 3307 2762 ad
3370 2679 3865 2766 iracundiam

1079 2834 1602 2934 provocatus:
1639 2823 1879 2928 quam
1917 2836 2184 2899 tamen
2216 2821 2415 2900 alter
2460 2823 3024 2928 superveniens
3064 2823 3413 2901 nuncius
3434 2820 3864 2926 mitigavit,

1080 2926 1440 3035 asserens
1461 2981 1548 3035 se
1575 2958 1970 3067 aspexisse
2007 2985 2053 3036 a
2087 2973 2338 3079 ponte
2370 2957 2729 3081 §allicos
2767 2957 3185 3067 fugientes·

1187 3192 1242 3233 ⁸2

1767 3264 1778 3275 ·
1891 3364 1900 3369 .
1983 3194 2656 3369 cAPiTuLUM
2718 3244 2953 3329 xlv.
3002 3196 3039 3367 ’β

1223 3340 1378 3391 t.

1389 3426 1696 3558 'li'hmingi
1725 3448 2035 3537 vincuntur
2059 3498 2093 3536 a
2121 3474 2365 3539 Gallicis
2385 3521 2402 3553 ,
2434 3491 2491 3540 et
2520 3468 2809 3561 Yprehses
2833 3489 2893 3537 se
2920 3477 3039 3559 regi
3065 3474 3534 3579 humiliaverunt.

1195 3679 1301 3756 Ut
1329 3672 1447 3757 ·ad
1487 3682 1699 3788 regis
1731 3658 1841 3761 'ao
1893 3684 2354 3792 principum
2402 3674 2787 3763 noticiam
2832 3683 3188 3767 hostium
3230 3680 3631 3760 obstinata
3682 3705 3864 3785 per-

1085 3819 1304 3897 venit
1363 3796 1688 3897 rebellio
1714 3881 1733 3917 ,
1781 3819 2128 3901 -ulterius
2183 3819 2568 3932 progredi
2630 3821 3240 3902 solito*caucius
3297 3814 3815 3895 decreverunt
3846 3877 3863 3909 ,

1083 3982 1275 4034 voce
1305 3956 1719 4062 preconia,
1749 3958 2271 4065 preeuntibus
2299 3950 2556 4058 lituis,
2593 3958 3066 4038 auctoritate
3104 3955 3320 4062 regia
3341 3951 3710 4062 jubentes
3731 4013 3753 4049 ,
3781 3967 3871 4029 ut

1086 4093 1169 4169 in
1216 4092 1510 4209 quibus
1540 4092 1945 4225 modicum
1987 4098 2157 4217 spei
2190 4088 2402 4196 erat,
2426 4097 2739 4211 scilicet
2779 4098 3053 4205 grmies
3092 4109 3332 4190 etate,
3374 4089 3680 4169 viribus
3729 4118 3869 4195 pa-

1086 4254 1269 4305 rum
1300 4226 1579 4328 validi,
1623 4247 1702 4310 et
1733 4233 2108 4321 inermes
2106 4235 2385 4314 castris
2428 4200 2798 4323 cederent
2837 4250 2919 4313 et
2950 4230 3301 4357 subirent.
3349 4223 3871 4306 Attendentes

1088 4366 1380 4444 iterum
1440 4367 1660 4478 quod
1717 4372 1802 4450 in
1867 4372 2126 4478 patria
2193 4368 2609 4479 paludosa,
2679 4344 3199 4467 infecunda,
3202 4383 3284 4453 et
3336 4364 3564 4473 gleba
3629 4363 3915 4497 ubere·

1086 4520 1406 4625 carente
1426 4556 1476 4601 ,-
1467 4504 2009 4611 pabulatores
2071 4522 2543 4619 opporteret
2599 4504 2916 4614 longius
2974 4488 3289 4612 evagari
3352 4498 3453 4580 ad
3518 4525 3873 4582 necessa-

1084 4634 1207 4757 ria
1237 4632 1507 4721 sihi'e't
1545 4645 1770 4752 equis
1801 4639 2304 4748 procuranda
2321 4652 2351 4741 ,'
2368 4660 2826 4727 statuerunt
2855 4658 2943 4721 ut
2974 4637 3075 4720 ad
3116 4656 3409 4720 eorum·
3430 4630 3875 4717 custodiam

1080 4752 1393 4886 semper
1435 4764 1893 4881 subsidiarii
1953 4774 2257 4891 pugiles
2311 4778 2846 4880 adderentur3
2892 4779 3040 4888 qui
3092 4804 3245 4857 eos·
3278 4774 3393 4853 ab*
3443 4769 3871 4855 hostilibus
