4666 6014
1051 654 1196 724 274
1525 643 1834 720 CHRON
1845 646 2209 720 [GORUM
2260 647 2620 724 KARoLl
2672 650 2958 726 SEXTI
3006 651 3186 724 ΠΒ.
3240 645 3368 722 IV.

1049 800 1437 894 emarcuit
1461 859 1478 892 ,
1508 815 1590 876 et
1629 797 1924 894 territi,
1966 823 2203 877 nemo
2256 799 2495 880 ullius
2552 804 2711 882 nisi
2762 791 3073 881 memdr
3115 800 3303 907 suge
3350 796 3532 878 fuit.
3586 797 3851 897 Quam

1051 939 1580 1046 percipientes
1615 935 1954 1034 urbani,
1996 953 2077 1014 et
2122 935 2344 1048 quod
2380 938 2546 1045 jam
2587 931 2687 1020 ad
2733 942 2893 1019 iter·
2923 935 3479 1046 arripiendum
3520 935 3848 1031 accinti,

1053 1072 1419 1152 curribus
1482 1089 1560 1151 et
1616 1071 1996 1152 vehiculis
2058 1073 2610 1157 omnimodam
2662 1075 3229 1187 supellectilem
3277 1073 3806 1182 imponebant
3830 1135 3849 1167 ,

1053 1236 1185 1288 eos
1218 1206 1527 1288 vallidis
1561 1207 1933 1318 precibus
1965 1229 2045 1290 ct
2076 1214 2492 1320 promissis
2531 1218 2876 1296 retinere
2911 1215 3180 1295 conati
3213 1227 3402 1292 sunt
3421 1274 3439 1311 ,
3470 1195 3853 1289 addentes

1041 1343 1447 1450 reiteratis
1497 1347 1809 1427 vicibus
1864 1346 2158 1432 debere
2214 1352 2620 1433 reminisci
2672 1382 2915 1466 quam
2966 1353 3176 1432 comi
3228 1349 3499 1430 fronte
3544 1349 3852 1456 excepti

1054 1485 1372 1564 fuerant
1400 1547 1417 1582 ‚
1480 1513 1806 1598 esseque
1868 1488 2174 1568 racioni
2229 1487 2646 1569 dissonum
2670 1553 2689 1588 ,
2744 1493 2813 1570 si
2863 1518 3066 1602 quos
3121 1487 3462 1567 fideliter
3513 1482 3853 1565 tuendos

1056 1640 1566 1730 susceperant
1631 1623 1910 1702 ultima
1971 1627 2436 1708 necessitate
2494 1624 2951 1708 desererent
3016 1628 3515 1710 Francorum
3573 1621 3856 1734 gladiis

1056 1760 1535 1873 puniendos.
1620 1763 1979 1846 Fuerunt
2032 1783 2300 1846 tamen
2350 1768 2846 1848 auctoritatis
2904 1765 3275 1852 nonnulli
3310 1766 3486 1875 ‘qui
3512 1826 3532 1862 ‚
3574 1790 3853 1872 presa-

1055 1903 1362 2008 gientes
1403 1901 1559 1980 hoc
1596 1901 1958 1982 futurum
1979 1965 1998 2000 ,
2032 1921 2126 1982 ut
2155 1904 2391 1983 saluti
2421 1905 2931 2000 consulerent
2969 1932 3053 1983 se
3082 1900 3385 1982 eisdem·
3422 1883 3856 2010 conjunxe-

1058 2058 1274 2118 runt.
1321 2036 1549 2119 Unde
1607 2066 1754 2149 per
1807 2040 2415 2121 altercacionem
2468 2040 2869 2130 sedicione
2918 2058 3196 2122 exorta
3218 2101 3237 2137 ‚
3293 2065 3474 2119 cum
3526 2035 3854 2149 quidam

1059 2196 1550 2260 conarentur
1588 2197 1906 2287 portam
1941 2179 2253 2259 viribus
2298 2208 2611 2261 servare
2648 2209 2749 2259 ne
2785 2181 3131 2279 exirent,
3172 2207 3306 2258 eos
3352 2177 3618 2256 hostes
3656 2163 3850 2285 pro-

1059 2316 1275 2393 tinus
1316 2313 1825 2415 occiderunt3
1874 2336 1953 2396 et
2002 2321 2114 2397 sic
2169 2347 2351 2397 cum
2398 2346 2709 2398 summo
2763 2318 3090 2400 silencio
3136 2346 3281 2428 per
3327 2334 3639 2425 partem
3682 2317 3850 2392 noti

1061 2451 1540 2534 custoditam
1581 2473 1995 2553 exeuntes,
2033 2453 2247 2565 apud
2297 2456 2765 2555 BourbouC‚
2811 2459 3054 2537 cicius
3097 2484 3339 2567 quam
3371 2470 3847 2564 potuerunt,

1061 2589 1671 2671 contenderunt.
3834 2578 3853 2594 ἱ

1095 2701 1118 2720 ⁴
1174 2727 1461 2807 Hostes
1503 2729 1704 2807 clam
1740 2731 1854 2808 sic
1893 2730 2266 2838 effugisse
2306 2730 2452 2844 diu
2496 2733 2850 2811 Francos
2907 2757 3076 2811 non
3127 2729 3380 2808 latuit.
3433 2728 3639 2806 Nam
3690 2753 3852 2805 me-

1061 2883 1373 2943 morato
1411 2865 1757 2944 tumultu
1798 2864 2284 2974 perdurante
2304 2930 2323 2966 ‚
2361 2898 2539 2948 cum
2592 2869 2755 2949 huc
2807 2868 3155 2979 illucque
3185 2865 3558 2945 confusus
3596 2866 3854 2944 conti-

1061 3021 1443 3083 nuaretur
1465 3000 1887 3107 ‘discursus
1910 3067 1931 3101 ,
1986 3009 2645 3098 eximar-ceratis
2689 3009 3021 3116 captivis
3067 3024 3229 3113 tres
3284 3000 3637 3100 Picardi‚
3670 3004 3847 3082 vin÷

1060 3141 1255 3220 culis
1291 3145 1581 3250 ruptis,
1619 3171 1764 3251 per
1796 3148 2115 3224 inurum
2140 3165 2349 3226 reste
2380 3146 2777 3256 suspensi,
2810 3134 3184 3226 manibus
3212 3144 3305 3223 se'
3326 3141 3848 3238 demiserunt,

1059 3277 1598 3391 etffladmirallo
1642 3282 1979 3362 Francie
2025 3282 2359 3364 domino
2397 3283 2750 3363 Johanni
2791 3280 2891 3362 de
2917 3284 3236 3361 Vienna
3283 3299 3474 3361 tunc
3517 3297 3847 3358 noctur-

1011 3436 1028 3457 *
1057 3445 1199 3496 nas
1241 3418 1614 3500 excubias
1657 3416 2139 3528 persolventi
2180 3451 2351 3501 rem
2395 3424 2829 3501 serietenus
2869 3436 3445 3515 narraverunt,
3501 3443 3847 3496 asseren-

1055 3573 1171 3638 tes
1211 3559 1902 3666 opportunitatem
1941 3556 2211 3639 adesse
2251 3559 2517 3639 villam
2549 3557 2957 3669 capiendi,
3000 3556 3139 3637 sed
3170 3584 3372 3665 opus
3403 3581 3567 3634 esse
3606 3582 3845 3663 super

1055 3693 1212 3773 hoc
1254 3692 1588 3774 indilato
1634 3695 1995 3777 consilio.
2030 3696 2363 3777 Nunciis
2407 3699 2652 3805 igitur
2686 3695 3047 3777 custodie
3088 3692 3519 3805 deputatis,
3563 3710 3652 3772 ut
3689 3693 3842 3770 sci-

1055 3846 1276 3911 retur
1308 3835 1376 3912 si
1405 3861 1719 3917 veraces
1752 3836 2300 3944 reperirentur
2326 3834 2451 3916 vel
2486 3833 2941 3934 mendaceS,
2970 3833 3259 3913 milites
3295 3848 3489 3911 tunc
3526 3859 3847 3941 presen-

1057 3986 1172 4048 tes
1198 4031 1217 4066 ‚
1274 3972 1486 4049 inter
1529 3949 1735 4085 quos
1793 3970 2269 4055 nominandi
2323 3991 2513 4054 sunt
2568 3974 2848 4053 ceteris
2902 3972 3482 4080 prestanciores
3530 3967 3845 4049 domini
3936 4062 3941 4073 ι

1055 4104 1438 4188 Radulfus
1480 4107 1581 4189 de
1631 4110 2048 4191 Renevalle
2067 4173 2085 4210 ‚
2130 4110 2594 4215 castellanus
2637 4109 3124 4190 Belvacensis
3143 4169 3162 4205 ,
3204 4107 3697 4218 Rolequinus
3743 4104 3844 4185 de

1052 4244 1505 4343 Renevalle,
1578 4247 1922 4331 Jacobus
1988 4268 2068 4329 et
2141 4248 2615 4333 Gujllelmus
2673 4245 2773 4325 de
2827 4246 3145 4323 Vienna
3175 4306 3194 4342 ,
3269 4244 3674 4324 Johannes
3742 4241 3843 4321 de

1055 4383 1340 4463 Sancta
1391 4386 1686 4485 Cruce‚
1726 4388 2130 4467 Johannes
2179 4386 2279 4467 de
2317 4387 2567 4495 Blesy‚
2611 4386 2888 4464 Petrus
2933 4381 3033 4463 de
3075 4382 3440 4463 Violanis
3494 4400 3572 4462 et
3622 4379 3845 4459 Guil-

1055 4521 1328 4601 lelmus
1370 4521 1469 4603 de
1504 4526 1910 4623 GornaCO,
1951 4528 2324 4609 evocavit.
2366 4526 2517 4605 Cui
2552 4525 2922 4638 querenti
2973 4520 3172 4637 quid
3211 4519 3609 4630 agendum
3643 4545 3842 4597 una-

1051 4660 1373 4739 nimiter
1414 4660 2006 4770 responderunt
2047 4663 2396 4743 oblatam
2422 4694 2606 4745 non
2648 4657 3371 4773 contempnendam
3406 4658 3837 4736 fortunam.

1015 4824 1030 4835 ·
1122 4784 1467 4876 'Eodem
1501 4827 1829 4911 ,quoque
1870 4801 2199 4901 instanti
2243 4799 2476 4882 dictis
2518 4803 2724 4884 facta
2766 4814 3407 4911 compensanteS,
3449 4822 3629 4875 cum
3663 4821 3843 4902 par-
