4666 6014
1090 637 1235 775 2232
1526 693 2234 798 3CHRON1CORUM
2282 694 2976 769 KAROL1·sEXT1
3027 694 3201 768 LIB.
3259 693 3421 768 Vll.

2039 976 2713 1104 GAP1TUL1JM
2781 933 2929 1059 [ν’.

1169 1215 1257 1276 De
1283 1214 1580 1276 obsidione
1608 1214 1779 1274 castri
1819 1212 1891 1272 de
1919 1211 2084 1273 Brest
2104 1257 2121 1286 ,
2140 1212 2301 1273 ducis
2319 1234 2551 1294 quoque
2574 1211 2901 1273 Leucastrie
2926 1212 2989 1271 in
3021 1210 3385 1293 Hyspaniam
3413 1211 3789 1291 expedicione

2342 1318 2599 1384 confusa.

1206 1531 1425 1610 Inter
1441 1519 1844 1637 agendum
1875 1523 2259 1635 predicta,
2285 1528 2521 1607 aulici
2551 1557 2720 1608 non
2746 1525 3206 1608 deffuerunt
3231 1528 3371 1639 qui
3400 1525 3682 1607 ducem
3709 1527 3888 1605 Bri-

1087 1669 1300 1747 tanie
1354 1663 1859 1747 criminando
1914 1667 2081 1775 regi
2135 1686 2587 1775 suspectum
2644 1664 3111 1765 redderent,
3161 1683 3243 1745 et
3291 1664 3446 1746 sibi
3502 1666 3878 1745 infamem

1084 1803 1575 1914 prodicionis
1603 1805 2038 1883 obicientes
2089 1805 2411 1884 titulum
2432 1867 2451 1904 ,
2505 1806 2963 1884 asserebant
2989 1804 3343 1912 Anglicis
3397 1805 3881 1913 persuasisse

1090 1961 1177 2022 ut
1203 2004 1223 2040 ,
1279 1940 1472 2023 dum
1510 1972 1750 2052 super
1798 1936 2142 2023 tractatu
2193 1943 2784 2055 colloqueretur
2824 1961 3102 2023 mutuo
3123 2005 3141 2039 ,
3185 1943 3249 2022 F
3255 1943 3608 2021 ranciam
3641 1940 3878 2020 infes-

1089 2098 1372 2160 tarent.
1400 2080 1761 2161 Fuerunt
1776 2083 1917 2191 qui
1948 2090 2028 2161 et
2053 2084 2619 2190 cirographum
2659 2083 2851 2190 ipsis
2899 2080 3266 2160 hostibus
3324 2080 3877 2158 transmissum

1082 2246 1227 2297 suo
1269 2218 1527 2325 sigillo
1577 2221 1981 2327 signatum
2015 2217 2305 2299 vidisse
2346 2217 2759 2318 dicebant,
2804 2218 2904 2297 ad
2955 2215 3554 2325 coarguendum
3595 2215 3869 2294 scelus.

1084 2357 1602 2464 Quapropter
1643 2354 1746 2436 ad
1790 2353 2360 2437 vindicandum
2426 2375 2732 2436 tantam
2775 2358 3151 2466 injuriam
3194 2382 3334 2433 rex
3387 2354 3471 2431 in
3520 2352 3880 2462 eumfjbin-

1083 2521 1407 2602 surgere
1447 2512 1631 2573 ante
1662 2497 1933 2573 omnia
1977 2492 2346 2575 decrevit.
2394 2494 2636 2596 Quod
2683 2493 2850 2575 dux
2884 2492 3249 2589 audiens,
3287 2473 3859 2570 necimmerito

1081 2631 1235 2709 sibi
1278 2605 1566 2709 timens
1591 2692 1609 2727 ,
1653 2649 1732 2710 et
1773 2659 2189 2711 recurrens
2230 2630 2329 2710 ad
2373 2630 2676 2711 fraudis
2710 2649 3246 2711 commentum
3276 2630 3635 2726 solitum,
3672 2656 3875 2736 nun·-

1084 2768 1248 2845 cios
1296 2763 1398 2845 ad
1430 2794 1696 2873 regem
1736 2786 1816 2845 et
1854 2769 2022 2876 ejus
2067 2787 2396 2877 patruos
2444 2772 2688 2866 misit,
2723 2770 2861 2877 qui
2901 2767 3324 2881 purgando
3357 2768 3517 2847 sibi
3552 2769 3869 2845 crimen

1082 2904 1545 3011 impositum
1568 2923 2075 2984 asseruerunt
2097 2903 2464 2984 eumdem
2487 2904 2684 2985 adeo
2708 2933 2875 2985 non
2901 2882 3863 3015 reputandum—insanum,

1081 3037 1302 3151 quod
1343 3068 1568 3133 arma,
1601 3040 1921 3120 hostilia
1973 3043 2060 3119 in
2100 3042 2534 3123 visceribus
2571 3047 2694 3124 sui
2741 3043 3072 3124 ducatus
3115 3036 3683 3152 convertisset-'f
3711 3043 3875 3120 Ro-

1079 3168 1464 3284 gaverunt
1487 3180 1814 3286 insuper
1837 3207 1939 3258 ne
1963 3177 2266 3287 aliquid
2296 3177 2396 3259 de
2421 3209 2503 3259 se
2534 3199 2829 3260 temere
2862 3179 3284 3261 crederent
3320 3211 3394 3258 :cc
3425 3182 3864 3281 Quoniam,

1080 3348 1116 3387 «
1159 3316 1581 3424 inquiunt,
1617 3305 1695 3394 ‘si
1737 3316 2021 3429 aliquis
2082 3313 2298 3394 aliud
2354 3318 2834 3415 insusurrat,
2884 3319 3127 3398 verba
3182 3315 3320 3397 dat
3370 3336 3449 3397 et
3514 3346 3655 3396 vos
3710 3316 3866 3396 sibi
3915 3389 3918 3392 ,

1081 3488 1116 3526 (ι
1154 3450 1324 3531 vult
1357 3451 1769 3533 mendacio
1796 3447 2175 3561 obligare.
2219 3454 2319 3532 Et
2348 3472 2438 3535 ut
2477 3483 2558 3534 se
2605 3458 3041 3571 constituat
3072 3457 3515 3535 manifestis
3545 3452 3864 3533 indiciis

1077 3625 1114 3663 «
1157 3592 1692 3689 innocentem,
1723 3592 2009 3672 humili
2043 3622 2273 3702 prece
2304 3591 2665 3703 deposcit
2687 3613 2778 3675 ut
2802 3593 2911 3675 de*
2930 3596 3155 3675 Brest
3180 3596 3416 3679 castri
3452 3593 3859 3686 maritimi,

1077 3762 1115 3801 «
1156 3731 1623 3838 principalis
1647 3731 2000 3843 hostium
2035 3733 2535 3840 receptaculi,
2578 3732 2895 3813 obsidio
2928 3732 3082 3812 sibi
3127 3732 3635 3812 commitatur
3676 3758 3861 3808 auc-

1080 3901 1114 3938 «
1149 3867 1470 3946 toritate
1506 3869 1762 3975 regia,
1800 3887 1880 3961 et
1912 3869 2237 3948 Christo
2269 3891 2592 3950 auctore
2622 3872 3024 3980 promittit
3057 3866 3304 3978 quod,
3333 3869 3416 3946 in
3428 3864 3527 3945 de
3554 3866 3860 3946 viribus

1078 4038 1114 4077 c<
1154 4004 1500 4113 expulsis
1539 4003 2042 4106 adversariis,
2086 4005 2281 4086 illud
2316 4005 2419 4085 ad
2455 4010 2662 4116 regis
2698 4007 3247 4087 obedienciam
3283 4002 3630 4084 reducet.
3664 4037 3701 4076 >2

1183 4141 1664 4254 Quanquam
1694 4142 1924 4223 dolus
1954 4161 2155 4224 esset
2184 4163 2264 4223 et
2296 4146 2876 4225 circumvencio
2898 4142 3294 4258 quidquid
3327 4144 3497 4252 ipse
3527 4145 3861 4252 promit-

1072 4278 1291 4358 tebat
1313 4341 1331 4376 ,
1402 4297 1486 4358 ut
1540 4256 1655 4359 rei
1717 4278 1977 4360 exitus
2034 4284 2590 4391 comprobavit
2611 4345 2629 4381 ,
2699 4301 3044 4362 attamen
3108 4279 3330 4394 quod
3395 4272 3859 4394 requirebat

1071 4418 1498 4524 impetrato
1519 4480 1537 4514 ,
1578 4436 1668 4496 ut
1710 4415 2112 4499 videretur
2149 4422 2413 4501 verbis
2453 4421 2658 4501 facta
2703 4400 3216 4530 compensare
3244 4484 3262 4520 ,
3299 4419 3853 4501 electissimum

1068 4581 1490 4633 numerum
1521 4573 2058 4662 pugnatorum
2083 4619 2101 4652 ,
2135 4557 2732 4639 balistariorum
2761 4588 3079 4670 quoque
3108 4589 3198 4639 ac
3226 4559 3416 4639 levis
3457 4576 3855 4638 armature

1064 4693 1226 4770 vim
1273 4692 1734 4771 immensam
1773 4692 1957 4772 illuc
1993 4696 2310 4776 mittere
2353 4725 2523 4778 non
2553 4696 2931 4796 tardavit,
2978 4700 3116 4810 qui
3164 4698 3388 4776 Brest
3431 4692 3854 4774 obsidione

1065 4832 1501 4937 cingerent.
1537 4828 1928 4947 Equidem
1956 4835 2314 4914 sciebant
2347 4835 2616 4918 hostes
2646 4867 2797 4946 pro
2815 4838 2951 4917 illo
2978 4836 3455 4944 municipio,
3478 4853 3884 4942 tanquam.
