4666 6014
1099 737 1245 809 594
1568 723 2257 810 CHRONICORUM
2306 727 2664 806 KAROLI
2715 723 3001 806 sssx‘rl
3050 727 3228 808 LIB.
3291 723 3397 801 X.

2062 981 2724 1061 CAPITULUM
2791 983 2903 1056 ΙΙ.

1921 1168 2010 1227 De
2043 1168 2370 1230 hastiludiis
2403 1168 2756 1227 militaribus
2781 1168 3048 1247 pen-seties

1208 1352 1359 1432 Die
1400 1351 1588 1438 lune
1620 1349 1864 1458 igitur
1905 1311 2478 1460 subsequente,
2519 1319 2726 1434 circa
2767 1349 2925 1432 diei
2963 1321 3248 1430 horam
3288 1337 3623 1446 nonam,
3691 1346 3895 1456 sicut

1096 1487 1550 1572 condictum
1574 1487 1895 1586 -fuerat,
1947 1518 2087 1580 rex
2129 1487 2446 1580 duobus
2481 1506 2561 1572 et
2601 1489 2888 1597 viginti
2919 1489 3185 1570 electis
3235 1485 3623 1568 militibus
3669 1513 3891 1592 spec-

1101 1643 1263 1707 tate
1292 1628 1788 1708 strenuitatis
1817 1625 2336 1736 indicijussit
2357 1626 2970 1707 hastiludiorum
2997 1626 3568 1735 spectaculum,
3597 1642 3681 1705 et
3710 1645 3894 1704 cum.

974 1795 981 1803 ·
1098 1759 1819 1874 quanto-apparatu
1860 1782 2185 1872 possent
2215 1781 2296 1842 et
2335 1764 2673 1861 scirent,
2715 1759 2911 1843 ilh'zd
2954 1762 3383 1843 redderent
3427 1759 3886 1870 gloriosum.

1095 1900 1339 2012 Quod
1378 1911 1463 2018 et
1483 1905 1859 2010 peragere
1892 1915 2415 1980 maturarunt.
2450 1903 2655 1981 Nam
2689 1912 2877 1980 mox
2903 1902 2992 1980 in
3017 1902 3240 2020 equis
3272 1899 3616 1980 cristatis
3636 1963 3653 1998 ,
3696 1925 3895 1978 auro

1097 2059 1413 2149 quoque
1456 2033 1942 2148 {higentibus
1983 2031 2257 2164 armis,
2305 2039 2545 2117 scutis
2587 2059 2904 2148 quoque
2940 2035 3330 2117 viridibus
3368 2038 3598 2146 signo
3637 2037 3891 2144 regis*

1109 2240 1467 2256 .....
1486 2220 1497 2224 ·
1536 2240 1552 2255 .
1600 2240 1618 2255 .
1661 2173 2108 2288 insignitiS,
2152 2205 2354 2288 quos
2404 2176 2648 2256 eciam
2697 2153 3233 2287 sequebantur
3280 2173 3418 2288 qui
3468 2173 3776 2255 lanceas
3814 2191 3893 2253 et

1102 2316 1363 2424 galeas
1402 2311 1859 2394 solemniter
1891 2316 2405 2428 vectitarent
2441 2285 2544 2438 ad
2582 2341 2849 2424 regem
2884 2312 2967 2390 in
3010 2312 3270 2421 prima
3298 2309 3517 2394 curia
3549 2307 3878 2391 abbacie

966 2517 969 2522 .
1097 2470 1660 2562 pervenerunt,
1690 2470 1795 2532 et
1808 2431 2108 2534 ibidem
2150 2443 2237 2538 ut
2274 2454 2363 2531 in
2400 2452 2846 2559 priscorum
2883 2448 3444 2534 dissolucionis
3483 2451 3883 2544 lasciviam

1098 2592 1345 2671 lacius
1379 2607 1804 2699 evagarent
1826 2646 1848 2688 ,
1887 2591 2281 2698 insignem
2316 2606 2712 2672 catervam
2747 2585 3291 2686 dominarum,
3329 2615 3488 2697 que
3530 2589 3888 2696 ipsorum

1093 2726 1483 2810 ductrices
1536 2729 2001 2822 existerent,
2071 2724 2409 2835 dignum
2465 2723 2883 2806 duxerunt.
2917 2724 3382 2834 aliquandiu
3438 2724 3885 2832 prestolari.

1105 2868 1273 2945 Hee
1306 2863 1693 2976 siquidem
1727 2864 1947 2972 jussu
1983 2864 2192 2974 regis
2230 2862 2335 2943 ad
2366 2889 2782 2945 numerum
2826 2864 3162 2980 militum
3202 2863 3616 2971 procincte,
3658 2863 3893 2941 vesti·-

1102 3001 1395 3110 mentis
1461 3001 1899 3101 similibus,
1952 3001 2315 3084 videlicet
2377 3026 2477 3083 ex
2527 2987 2765 3084 viridi
2824 3001 3049 3085 valde
3099 3002 3369 3102 flisco,
3432 3026 3609 3083 cum
3665 3003 3894 3082 sertis

1100 3142 1344 3219 eciam
1396 3141 1650 3220 aureis
1691 3168 1780 3219 ac
1822 3141 2280 3248 gemmatis»,
2325 3159 2406 3220 et
2445 3140 2529 3219 in
2571 3141 2817 3222 electo
2853 3136 3067 3222 cultu
3109 3143 3331 3250 regio
3367 3138 3784 3222 ’faleratis
3761 3166 3891 3218 Πι-
3937 3140 3948 3157 “

1107 3276 1506 3375 sedentes,
1554 3275 1653 3356 ad
1696 3278 1865 3385 ejus
1905 3278 2393 3385 presenciam
2435 3275 2977 3377 adducuntur;
3024 3307 3361 3389 quarum
3396 3278 3463 3357 si
3505 3276 3887 3386 pulcritu-

1103 3414 1371 3495 dinem
1412 3434 1492 3496 et
1532 3432 1792 3523 gestus
1825 3416 2408 3523 simplicitatem
2450 3414 2961 3516 attendisseS‚
3004 3417 3195 3496 olim
3254 3416 3525 3497 fictum
3565 3415 3890 3496 dearum

1103 3552 1716 3634 contubernium
1779 3570 1859 3633 et
1913 3555 2158 3649 ritum
2225 3551 2557 3637 dixisses
2595 3555 2870 3660 procul
2908 3551 3158 3634 dubio
3202 3570 3691 3634 renovatum.

1218 3688 1423 3785 Cum
1482 3712 2009 3801 regesumme
2054 3688 2547 3772 auctoritatis
2605 3692 2892 3773 milites
2949 3696 3234 3772 merito
3276 3686 3747 3771 nominandi
3794 3689 3894 3770 de

1101 3829 1469 3910 Turonia'
1498 3848 1579 3910 et
1627 3828 1725 3909 de
1776 3826 2186 3910 Borbonio
2225 3826 2464 3910 duces
2490 3893 2510 3930 ,
2575 3828 3040 3941 dominique
3093 3847 3505 3940 sequentes
3525 3890 3544 3926 ‚
3614 3828 3893 3910 Petrus

1104 3966 1204 4048 de
1244 3969 1631 4066 Navarra,
1685 3967 2361 4075 conestabularius
2393 3969 2457 4047 F
2460 3969 2725 4053 rancie
2755 4030 2784 4066 ,
2821 3968 3212 4048 Henricus
3242 3966 3617 4064 deBaro,
3664 3968 3894 4077 Regi-

1104 4104 1388 4197 naldus
1449 4104 1550 4189 de
1595 4107 1808 4214 Trya
1836 4167 1875 4203 ,.
1904 4103 2386 4211 Reginaldus
2424 4103 2525 4193 de
2569 4105 3067 4201 Nantoullet‚
3125 4107 3472 4215 primum
3526 4103 3892 4187 ordinem

1106 4242 1507 4327 tenebant.
1572 4243 1887 4343 Quibus
1932 4242 2718 4352 domine-sequentes
2742 4300 2763 4341 ,
2815 4243 3051 4351 longe
3117 4256 3301 4323 ante
3357 4244 3550 4324 alias
3608 4272 3894 4352 genere

1105 4381 1522 4478 clariores,
1581 4378 1875 4462 scilieet
1900 4378 2326 4462 'comitissa
2389 4380 2662 4461 Sancti
2722 4380 2940 4459 Pauli
2997 4404 3233 4461 soror
3293 4384 3508 4490 regis
3565 4382 3892 4489 Anglie‚

1104 4517 1427 4599 domine
1452 4517 1552 4598 de
1589 4518 1983 4601 Couciaco
2010 4582 2030 4618 ,
2077 4518 2177 4601 de
2207 4514 2551 4625 Pulchro
2583 4496 2848 4616 Saltu,
2895 4516 2995 4597 de
3040 4503 3212 4598 Bris
3235 4576 3258 4617 ,
3315 4516 3418 4598 de
3459 4516 3840 4626 Ripparia
3871 4581 3889 4615 ‚

1106 4655 1206 4736 de
1265 4656 1601 4736 Britolio
1630 4717 1648 4751 ,
1724 4654 1822 4734 de
1877 4657 2300 4736 Hesseville
2331 4720 2351 4754 ,
2409 4656 2509 4737 de
2562 4658 2635 4736 la
2701 4657 3149 4737 Choletiere
3179 4718 3198 4753 ‚
3249 4644 3451 4737 sicut
3509 4656 3894 4735 instructe

1187 4850 1200 4872 ¹
1238 4838 1287 4892 11
1328 4859 1364 4911 y
1394 4858 1424 4894 a
1463 4839 1541 4922 ici
1579 4839 1716 4894 dans
1754 4839 1806 4894 le
1845 4849 1904 4894 n⁰
1936 4837 2109 4914 5958,
2163 4839 2261 4895 fol.
2292 4838 2363 4916 73
2400 4860 2475 4909 v.,
2506 4840 2653 4896 deux
2683 4851 2828 4896 mots
2866 4840 3140 4912 issisilsses,
3179 4841 3319 4897 dont
3348 4842 3401 4896 la
3436 4828 3791 4915 suppression
3823 4857 3893 4893 ne

1109 4932 1287 5003 pat-ait
1312 4950 1409 5007 pas
1435 4931 1637 4989 alteret
1660 4934 1711 4990 le
1734 4951 1858 4990 sens
1876 4933 1947 4989 de
1972 4933 2024 4988 la
2043 4933 2264 5007 phrase.
