4666 6014
1186 679 1280 749 92
1682 657 2363 746 CHRONICORUM
2386 694 2389 698 “
2414 672 2766 747 KAROLI
2815 675 3098 750 SEXTI
3149 678 3324 749 ΠΒ.
3380 680 3471 750 11.

1186 825 1382 905 fines
1414 824 1736 904 famosis
1785 825 2246 934 municipiis
2291 853 2383 905 ac
2406 827 2695 934 viginti
2731 824 3040 907 duabus
3071 828 3526 907 civitatibus
3568 827 3960 929 decorati,

1181 962 1462 1070 regalis
1512 961 1880 1069 prosapie
1926 962 2205 1069 pocius
2250 990 2491 1073 quam
2539 981 2998 1043 exterorum
3048 963 3410 1045 fidelitati
3455 969 3961 1048 committen-

1175 1098 1382 1179 dam.
1448 1094 1818 1176 Addebat
1867 1097 2132 1206 ipsum
2184 1095 2466 1177 ducem
2521 1098 2822 1179 Biturie
2878 1101 3087 1180 inter
3121 1101 3147 1145 ¹
3193 1130 3469 1182 omnes
3519 1104 3959 1211 regnicolas

1174 1236 1471 1313 sorcius
1530 1233 1972 1313 elaborasse
2001 1295 2020 1331 ,
2057 1251 2150 1313 ut
2211 1236 2487 1342 regum
2547 1233 3023 1315 subderetur
3083 1234 3431 1336 dicioni3
3493 1240 3966 1331 comitatum,

1171 1372 1709 1450 pictavensem
1744 1371 1829 1448 in
1862 1366 2136 1450 eadem
2170 1371 2498 1478 regione
2529 1371 2709 1481 jure
2736 1370 3223 1453 hereditario
3255 1372 3701 1482 possidere,
3744 1373 3957 1455 unde

1171 1504 1775 1613 adxgersantibus
1820 1505 2185 1585 hostibus
2229 1507 2470 1586 cicius
2512 1524 2779 1617 posset
2823 1506 3177 1606 obviare3
3222 1526 3658 1621 contraque
3694 1512 3955 1591 consi-

1171 1644 1373 1724 lium*
1392 1642 1557 1723 lilia
1581 1642 2119 1723 deserencium
2142 1644 2534 1725 Karolum
2565 1673 2832 1754 regem
2859 1645 3190 1724 fratrem
3218 1646 3493 1725 comiti
3519 1647 3582 1726 F
3584 1649 3955 1726 uxinensi

1172 1784 1524 1888 regimen
1561 1783 1822 1890 patrie
1849 1780 2360 1861 commisisse.
2389 1782 2467 1861 Is
2497 1800 2764 1861 tamen
2789 1782 3105 1891 justicia
3131 1783 3256 1861 vir
3290 1782 3546 1862 clarus
3569 1785 3914 1863 existens
3932 1844 3954 1880 ‚

1167 1920 1460 1998 virtute
1507 1944 1827 2028 quoque
1869 1916 2145 1996 bellica
2191 1935 2495 1997 ceteros
2549 1918 2892 1997 barones
2936 1946 3320 2027 superans
3339 1980 3358 2016 ‚
3413 1947 3595 1999 cum
3648 1948 3952 1999 summa

1171 2052 1565 2132 industria
1596 2071 1677 2131 et
1718 2040 2079 2132 omnium
2121 2053 2563 2133 incolarum
2605 2054 2911 2162 ingenti
2963 2055 3236 2135 favore
3274 2056 3619 2165 patriam
3662 2056 3951 2161 guber-

1170 2189 1437 2269 nabat.

1278 2406 1427 2484 Cui
1474 2433 1657 2485 cum
1685 2407 2165 2485 innotuisset
2202 2408 2316 2484 rei
2361 2408 2650 2487 veritas
2699 2422 2791 2484 ut
2836 2422 3041 2500 erat,
3095 2433 3196 2483 ne
3240 2402 3440 2516 quid
3485 2405 3950 2484 temeritatis

1167 2540 1320 2620 sibi
1364 2542 1697 2620 attribui
1748 2558 2051 2647 posset,
2101 2538 2316 2619 unde
2366 2541 2659 2619 famam
2708 2539 3129 2648 denigrare
3172 2568 3420 2649 penes
3460 2568 3725 2649 regem
3772 2542 3948 2651 quis

1164 2678 1459 2756 valeret
1482 2737 1502 2774 ,
1527 2674 1916 2772 Tholose‚
1966 2677 2052 2752 in
2095 2676 2410 2755 civitate
2447 2676 2783 2775 famosa,
2825 2677 3244 2775 nobilibus,
3276 2705 3368 2755 ac
3417 2676 3947 2783 burgensibus

1165 2841 1468 2893 summe
1505 2813 2004 2894 auctoritatis
2035 2809 2247 2891 diem
2283 2810 2534 2909 dixit,
2576 2831 2669 2892 ut
2710 2815 3049 2893 sciretur
3083 2811 3282 2924 quid
3324 2811 3512 2892 inde
3551 2811 3949 2920 agendum

1164 2966 1388 3031 esset.
1416 2948 1702 3028 Utrum
1735 2946 1900 3028 dux
1933 2948 2419 3057 reciperetur
2438 3010 2457 3046 ,
2482 2949 2721 3029 variis
2746 2945 3148 3028 hincinde
3175 2949 3595 3028 sentenciis
3624 2976 3713 3027 ac
3741 2951 3945 3028 votis

1084 3065 1092 3074 ’
1163 3089 1506 3170 dissonis
1555 3087 1983 3169 deductum
2036 3106 2177 3169 cst.
2243 3089 2453 3168 Nam
2496 3088 2725 3168 multi
2774 3085 3483 3196 magnipendentes
3522 3086 3744 3199 quod
3793 3089 3945 3168 hoc

1163 3224 1682 3306 ordinacione
1729 3227 1944 3334 regia
1991 3223 2517 3334 procedebat,
2566 3226 2695 3304 cui
2746 3222 3295 3304 contradicere
3342 3222 3461 3303 fas
3515 3251 3678 3303 non
3731 3243 3901 3305 erat
3922 3288 3939 3321 ‚

1162 3360 1880 3472 obtemperandum
1904 3360 2312 3461 dicebant,
2349 3390 2446 3441 ne
2473 3362 2967 3471 majestatem
2999 3362 3296 3469 regiam
3320 3358 3423 3440 ad
3451 3360 3944 3441 iracundiam

1161 3487 1724 3612 provocarent,
1769 3516 1849 3577 et
1888 3527 1990 3578 ne
2033 3496 2134 3579 de
2167 3499 2433 3578 vicino
2473 3496 2673 3578 duce
2706 3497 3246 3579 adversarium
3289 3498 3645 3578 facerent
3688 3499 3774 3577 in
3813 3497 3943 3578 de-

1159 3640 1625 3716 trimentum
1663 3635 1942 3741 patrie.
2001 3632 2156 3713 Sed
2196 3635 2647 3714 assistentes
2695 3635 3172 3715 auctoritate
3219 3634 3818 3714 excellenciores
3863 3653 3942 3713 et

1157 3800 1525 3869 numer0,
1569 3770 1970 3866 dixerunt,
2005 3747 2386 3851 estimatis
2422 3770 2784 3852 moribus
2822 3769 3016 3850 dicti
3049 3768 3301 3870 ducis,
3343 3799 3427 3850 se
3452 3796 3621 3849 non
3651 3767 3941 3849 debere

1153 3936 1472 4018 sperare
1501 3909 1784 3986 micius
1814 3907 1966 3986 sub
2011 3908 2188 4015 ipso
2232 3935 2464 4017 posse
2510 3936 2832 3987 manere
2867 3936 3108 4020 quam
3141 3907 3629 3984 Pictavenses
3662 3901 3937 3982 subdi-

1157 4019 1307 4144 tos,
1351 4072 1554 4158 quos
1597 4045 1943 4152 angariis
1972 4061 2051 4123 et
2079 4045 2608 4153 perangariis,
2647 4043 3200 4125 exactionibus
3240 4067 3560 4152 quoque
3596 4038 3938 4118 insolitis

1155 4184 1635 4262 incessanter
1667 4180 2211 4288 opprimebat;
2241 4208 2517 4261 omnes
2548 4182 2839 4261 iterum
2861 4178 3151 4260 debere
3179 4176 3580 4257 reminisci
3614 4176 3939 4255 immor-

1153 4318 1332 4399 talis
1387 4322 1763 4397 memorie
1820 4345 2088 4426 regem
2142 4317 2534 4397 Karolum
2587 4315 3084 4412 defunctum,
3144 4331 3474 4422 propter
3531 4310 3932 4420 predictos

1151 4483 1509 4538 excessus
1529 4517 1548 4553 ,
1590 4452 1873 4534 ducem
1920 4452 2571 4563 Andegavensem
2604 4454 2932 4533 fratrem
2964 4479 3195 4531 suum
3229 4447 3684 4559 deposuisse
3722 4476 3767 4523 a
3806 4474 3932 4523 re-

1151 4595 1448 4702 gimine
1490 4593 1746 4701 patrie
1770 4653 1788 4688 ‚
1844 4610 1935 4671 ut
1964 4592 2076 4670 sic
2116 4606 2385 4700 posset
2416 4592 2502 4668 in
2547 4588 3159 4701 transquillitate
3201 4614 3520 4667 manere
3546 4602 3627 4662 et
3660 4582 3932 4688 requie

1219 4881 1234 4906 ¹
1279 4874 1417 4930 Var.
1446 4899 1459 4926 :
1490 4877 1555 4928 n·
1579 4870 1747 4947 5960,
1778 4872 1873 4929 fol.
1894 4870 1964 4947 37
1984 4891 2058 4942 r.,
2089 4889 2265 4943 super
2297 4885 2509 4926 omnes.
