4666 6014
1088 578 1229 684 628
1560 604 2259 680 cunomconum
2290 579 2653 712 Kaliour
2701 583 2990 710 sssx'n
3021 603 3215 716 1³13:-
3257 592 3372 710 Χ.
3405 587 3414 594 “

1090 787 1335 867 opum
1393 754 1953 838 habundancia
2016 752 2118 834 ad
2173 755 2528 863 inopiam
2583 758 3011 870 maximam
3056 737 3578 865 prostitutoe,
3631 761 3754 839 vel
3821 792 3872 841 a·

1088 894 1332 976 natali
1376 892 1547 974 solo
1595 891 1911 1000 fugatos
1936 952 1955 989 ,
1992 887 2212 969 unde
2250 887 2409 969 fide
2455 891 2762 972 occulta
2809 881 3232 1000 per-urbes
3274 911 3354 973 et
3399 893 3871 1006 campestria

1086 1027 1576 1112 transeundo
1618 1017 1871 1108 multa
1898 1025 2210 1107 edificia
2254 1040 2784 1137 conspexerat
2811 1032 2974 1140 jam
3017 1029 3415 1111 destructa
3445 1051 3525 1113 et
3553 1031 3655 1113 ad
3688 1034 3872 1116 soli-

1086 1166 1449 1249 tudinem
1502 1163 1860 1262 redacta‚
1923 1181 2324 1275 quotquot
2377 1184 2607 1246 erant
2641 1141 3050 1275 deposuit,
3110 1161 3872 1278 alios‘subr'ogando

1090 1308 1230 1419 qui
1257 1306 1543 1386 micius
1574 1303 2118 1412 gubernarent
2139 1319 2220 1381 et
2247 1303 2801 1384 exactionibus
2832 1291 3490 1392 contentarentur
3515 1293 3870 1388 commu-

1090 1447 1352 1526 nibus,

1206 1585 1540 1692 Insuper
1583 1612 1766 1663 cum
1807 1584 2111 1692 regium
2157 1584 2262 1662 sit
2302 1581 2757 1691 dampnatis
2813 1585 3059 1692 impie
3110 1582 3574 1681 subvenire,
3629 1603 3721 1664 ut
3775 1583 3874 1664 de

1096 1721 1364 1800 multis
1415 1720 1975 1800 notabiliorem
2019 1748 2359 1831 ponam,
2402 1718 2823 1831 quemdam
2879 1721 3207 1800 nomine
3250 1716 3728 1836 Oudardugn
3777 1720 3876 1802 de

1092 1857 1594 1953 Attainvilla,
1650 1859 1913 1937 virum
1966 1859 2259 1970 utique.
2288 1857 2764 1965 prudentem
2796 1874 2875 1935 et
2916 1860 3001 1936 in
3049 1854 3372 1966 judiciis
3420 1857 3873 1966 expertum,

1091 2022 1329 2105 quem
1380 1995 1463 2072 in
1507 1994 1707 2072 urbe
1740 1993 2115 2074 ballivum
2168 1995 2726 2092 constituerat,
2768 2011 2849 2073 et
2895 1995 3035 2105 qui
3085 1993 3417 2072 biennio
3461 1996 3547 2072 in
3605 2003 3872 2101 ergas-

1093 2132 1278 2212 tulis
1310 2131 1885 2248 archiepiscopi
1917 2129 2284 2222 detentus
2314 2129 2608 2229 fuerat,
2642 2130 3033 2211 liberavit.
3077 2133 3239 2233 Qui
3273 2107 3654 2249 exhibitis
3669 2130 3875 2222 inde

1095 2270 1538 2388 graciarum
1592 2271 2080 2369 actionibuS,
2117 2288 2196 2350 et
2234 2270 2536 2349 illatam
2579 2271 2957 2379 injuriam
2995 2272 3291 2379 injuste
3330 2281 3684 2351 asserens
3719 2271 3874 2351 sibi

1100 2405 1525 2505 inflictam,
1570 2436 1668 2487 ne
1713 2407 2036 2487 infamia
2080 2424 2462 2517 perpetua
2514 2424 2961 2506 notaretur,
3007 2409 3245 2516 peciit
3294 2426 3374 2488 et
3425 2409 3878 2515 impetravit

1098 2561 1184 2622 ut
1222 2521 1770 2652 circumspecti
1829 2572 2286 2652 processum
2345 2563 2625 2625 contra
2690 2572 2773 2625 se
2836 2544 3131 2624 factum
3185 2544 3680 2646 recolerentc·
3715 2547 3875 2648 Qui

1098 2679 1515 2762 redeuntes
1577 2680 1677 2761 ad
1737 2710 1998 2790 regem
2060 2709 2328 2760 coram
2396 2682 2555 2759 suis
2622 2678 3062 2760 illustribus
3121 2681 3562 2760 retulerunt
3611 2653 3875 2790 quod,

1096 2819 1315 2899 falsis
1361 2818 1690 2902 testibus
1738 2818 2228 2914 suboi·natiS‚
2284 2834 2689 2897 accusatus
2724 2836 2804 2897 et
2840 2817 3050 2898 velut
3084 2807 3508 2898 subVersor
3534 2817 3876 2927 judicio—

1100 2989 1278 3039 rum
1302 2960 1560 3039 fuerat
1578 2956 2234 3065 condempnatus,
2264 2957 2430 3058 Qui
2458 2972 2722 3036 autem
2749 2954 3030 3038 falsum
3058 2955 3638 3067 perhibuerant¹
3666 2959 3881 3037 testi-

1112 3099 1500 3195 monium,
1566 3094 1667 3176 ad
1719 3094 2115 3204 judicium.
2177 3095 2446 3193 tracti,
2512 3092 2931 3204 quemdam
2997 3094 3442 3193 Johannem
3515 3097 3876 3195 nomine,

1103 3237 1752 3344 cognominatum
1794 3233 2130 3330 Betisac,
2175 3230 2398 3312 ducis
2460 3232 2758 3311 Biturie
2808 3235 3314 3312 secretarium
3371 3235 3877 3341 precipuum,

1100 3401 1341 3483 quem
1376 3370 1476 3450 de
1505 3370 1783 3449 humili
1812 3369 2043 3477 plebe
2084 3387 2364 3449 natum
2394 3367 2494 3448 ad
2533 3387 2844 3449 tantum
2872 3365 3431 3450 sublimaverat
3463 3371 3878 3467 honorem,

1102 3527 1192 3588 ut
1221 3506 1572 3617 ejusdem
1600 3507 1933 3607 consilio
1957 3508 2043 3585 in
2072 3508 2375 3587 cunctis
2400 3506 2826 3614 agibilibus
2854 3524 3234 3604 uteretur,
3269 3524 3616 3587 actorem
3639 3508 3881 3616 hujus

1110 3644 1522 3754 nephandi
1562 3645 1871 3725 sceleris
1912 3641 2421 3725 addiderunt.

1219 3786 1336 3862 Ex
1381 3802 1571 3863 tunc
1591 3814 1621 3879 ,·
1641 3784 1768 3861 cui
1802 3783 1885 3860 in
1915 3784 2389 3893 Aequitania
2431 3783 2755 3863 effusius
2789 3782 3225 3863 affluebant
3254 3779 3578 3876 divicie·,
3624 3796 3703 3859 et
3743 3784 3880 3890 qui

1106 3924 1331 4002 uncis
1368 3919 1642 3999 ferreis
1683 3920 1880 4001 colle
1914 3922 1999 3999 in
2038 3916 2553 4000 adamantino
2592 3920 3133 4030 oppinabatur
3165 3915 3493 4028 gradum
3540 3915 3884 3996 solidum

1111 4059 1494 4156 firmasse,
1571 4058 1975 4137 fortunam
2034 4058 2455 4165 persensiit
2511 4057 2610 4138 ad
2674 4060 3193 4175 precipicium
3246 4071 3743 4167 promptam3
3810 4073 3888 4134 et

1111 4225 1291 4277 cum
1322 4194 1667 4305 postulet
1695 4191 1898 4274 ordo
1923 4195 2127 4304 juris
2159 4213 2248 4275 ut
2273 4196 2527 4277 solum
2560 4197 2763 4276 fassa
2792 4196 3079 4276 scelera
3106 4187 3641 4292 vindicantur,
3665 4194 3886 4302 jussu

1109 4340 1316 4445 regis
1357 4332 1927 4415 examinandus
1969 4337 2303 4443 capitur,
2359 4354 2438 4415 et
2487 4335 2641 4415 sibi
2706 4333 3029 4415 tandem
3082 4336 3452 4445 imposita
3487 4332 3886 4447 confessus

1104 4491 1243 4553 est.
1297 4474 1371 4553 N
1375 4469 2052 4581 ephandissimum
2094 4474 2343 4553 eciam
2392 4473 2694 4553 crimen
2735 4489 2814 4552 et
2849 4472 3520 4553 subornacionem
3570 4473 3887 4552 testium

1107 4600 1613 4719 aggravando
1633 4671 1652 4706 ,
1695 4637 2007 4688 causam
2036 4638 2281 4721 quare
2302 4610 2475 4689 hoc
2509 4609 2817 4691 fecisset
2847 4609 3196 4692 inferens
3227 4611 3347 4690 vir
3373 4609 3887 4701 miserrimu3‚

1109 4747 1496 4827 conclusit
1526 4746 1682 4826 hoc
1722 4744 1974 4827 eidem
2007 4749 2465 4854 provenisse
2489 4809 2506 4844 ‚
2534 4748 2718 4857 quia
2746 4776 2788 4825 a
2821 4742 3174 4857 quodam
3201 4746 3632 4851 armigero,
3657 4768 3890 4853 quem
