4666 6014
1094 663 1237 735 666
1517 649 2230 727 -CHR'ONICORUM
2279 647 2647 724 RAROLI.
2686 645 2970 719 SEXTI
3020 643 3195 716 LIB.
3250 641 3385 716 XI.

1208 809 1575 914 Longum
1615 821 1816 883 esset
1856 828 2229 886 enarrare
2266 818 2347 882 et
2383 796 2863 909 compendio
2888 858 2908 896 ,
2951 793 3172 908 quod
3203 792 3558 876 studiose
3591 822 3869 902 quero,

1096 944 1589 1026 contrarium
1630 937 2011 1049 quicquid
2048 936 2342 1045 singuli
2387 940 2473 1016 in
2506 937 2654 1016 hac
2695 938 3078 1045 inaquosa
3109 950 3187 1010 et
3217 933 3545 1039 regione
3574 930 3867 1024 arenti,

1097 1109 1314 1161 nunc
1367 1079 1452 1157 in
1479 1077 2121 1185 'oppugnacione
2174 1073 2440 1170 urbiS,
2498 1099 2713 1151 nunc
2771 1067 3211 1150 resistendo
3271 1067 3679 1163 hostibuS‚
3730 1094 3870 1173 pa-

1099 1219 1397 1296 cienter
1455 1215 1834 1294 continue
1898 1208 2376 1320 perferendo
2440 1208 2816 1289 caumatis
2877 1206 3576 1314 intemperanciam
3649 1205 3873 1284 inex-

1100 1368 1409 1462 pertam
1434 1410 1454 1448 ‚
1507 1367 1824 1429 strenue
1878 1365 1957 1426 et
1996 1344 2499 1425 laudabiliter
2551 1355 3030 1451 peregerunt
3085 1341 3358 1421 decem
3406 1359 3485 1420 et
3542 1342 3878 1448 amplius

1104 1486 1734 1569 ebdomadarum
1775 1467 2068 1593 spacio.
2114 1482 2241 1563 Ad
2285 1481 2524 1561 finem
2570 1502 2833 1560 tamen
2866 1482 3226 1577 veniens,
3272 1508 3453 1560 cum
3498 1481 3583 1558 in
3627 1507 3873 1580 unum

1005 1627 1008 1630 ’
1103 1627 1389 1704 milites
1430 1622 1892 1731 congregati
1947 1618 2451 1699 attenderent
2490 1615 2706 1730 quod
2770 1616 3088 1722 obsidio
3146 1596 3369 1696 urbis
3411 1620 3499 1698 in
3547 1616 3877 1723 longum

1103 1763 1274 1842 ibat
1305 1780 1385 1840 et
1430 1762 1518 1840 in
1570 1761 1892 1839 irritum
1941 1756 2395 1854 desinebat,
2433 1756 2801 1836 victualia
2840 1784 3162 1867 quoque
3206 1754 3698 1861 incipiebant
3742 1741 3874 1837 rass

1107 1924 1411 1977 rescere
1431 1958 1450 1994 ,
1481 1913 1559 1975 et
1591 1896 1923 2002 hyemps
1960 1895 2321 2002 proxime
2347 1910 2790 2001 autumpno
2820 1889 3293 1972 succedebat
3312 1953 3331 1989 ,
3366 1891 3449 1969 in
3480 1919 3636 1999 qua
3660 1917 3876 1968 mare

1091 2030 1478 2139 superbia
1500 2032 2026 2109 *intumescere
2056 2029 2499 2126 consuevit,
2540 2045 2631 2107 ut
2653 2055 3045 2108 recessum
3073 2027 3495 2108 redderent
3525 2023 3879 2138 quodam

1109 2167 1478 2248 notabili
1512 2166 1723 2247 facto
1800 2166 2278 2273 gloriosum,
2351 2165 2619 2244 hostes
2683 2163 3056 2244 invadere
3124 2165 3428 2245 viribus
3511 2163 3881 2244 deereve-

1111 2324 1304 2386 runt
1334 2366 1354 2403 ,
1429 2307 1569 2413 qui
1640 2303 1896 2384 solum
1945 2303 2069 2384 'ab
2140 2306 2253 2386 eis
2327 2332 2472 2412 per
2556 2303 2861 2383 miliare
2931 2302 3358 2414 distabant.
3441 2303 3550 2381 Ut
3622 2319 3884 2381 autem

1111 2472 1291 2523 vera
1331 2443 1724 2521 relacione
1764 2460 2328 2551 compererunt
2357 2469 2492 2521 eos
2522 2441 2674 2519 sub
2700 2440 3185 2521 umbraculis
3214 2468 3436 2518 more
3475 2467 3618 2518 suo
3648 2439 3884 2518 meri-

1116 2579 1448 2689 dianum
1524 2576 1892 2666 ardorem
1965 2576 2362 2657 declinare
2385 2638 2405 2673 ,
2475 2606 2662 2656 mox
2731 2605 2912 2656 eum
2980 2577 3407 2656 balistariis
3482 2577 3888 2656 instructis

1117 2716 1436 2795 aciebus
1466 2713 1567 2793 ad
1614 2715 1963 2792 tentoria
1996 2715 2354 2820 ipsorum
2395 2713 2613 2791 lento
2660 2741 2931 2820 gressu
2974 2731 3053 2792 et
3096 2715 3577 2822 inexpectati
3611 2741 3886 2822 proce-

1112 2850 1414 2946 denteS‚
1448 2848 1845 2929 altissonis
1862 2848 2187 2927 vocibus
2221 2847 2755 2927 clamaverunt
2785 2823 3362 2956 ingeminantes
3394 2847 3496 2928 ad
3524 2867 3884 2946 mortem,

1117 3006 1194 3066 et
1259 2986 1523 3096 primo
1591 2986 1893 3093 impetu
1955 3002 2357 3098 quotquot
2418 2984 2698 3065 obvios
2757 2985 3215 3066 habuerunt
3289 2989 3465 3068 neci
3532 2987 3880 3069 tradunt.

1119 3125 1500 3227 Quamvis
1536 3125 1781 3202 eciam
1838 3123 2086 3202 fortes
2130 3124 2345 3202 viros
2404 3126 2820 3231 repentina
2881 3127 3390 3223 concuciant,
3432 3154 3577 3207 nec
3616 3146 3885 3208 tamen

1118 3260 1407 3341 deffuit
1444 3262 1556 3339 eis
1589 3256 1913 3338 audacia
1951 3258 2396 3339 resistendi.
2433 3260 2692 3339 Initur
2733 3278 2968 3340 atrox,
3007 3262 3384 3369 prelium,
3422 3281 3500 3343 et
3535 3265 3758 3345 multi
3790 3294 3887 3345 ex

1113 3417 1446 3511 utraque
1470 3415 1696 3505 parte
1732 3414 2122 3476 corruunt
2154 3396 2650 3477 moribundi.
2681 3395 2837 3477 Sed
2868 3395 3219 3495 tandem,
3259 3400 3689 3479 auxiliante
3714 3402 3882 3481 Do-

1123 3537 1343 3613 mino
1362 3595 1382 3631 ,
1416 3550 1843 3641 antequam
1883 3551 2181 3615 tractus
2212 3535 2681 3641 sagittarum
2709 3532 2811 3617 ad
2847 3537 3098 3615 instar
3138 3533 3621 3643 grandinum
3648 3539 3891 3616 emis-

1125 3700 1391 3751 sarum
1431 3669 1822 3768 finiretur,
1873 3671 2142 3750 hostes
2180 3673 2450 3750 animo
2492 3673 3020 3769 consternati,
3063 3672 3292 3771 victi,
3330 3671 3517 3779 fuga
3557 3673 3889 3767 salutem

1126 3834 1466 3921 querere
1479 3807 2020 3888 decreverunt.
2059 3809 2367 3917 Insigni
2394 3829 2652 3917 strage
2678 3826 2992 3916 peracta
3017 3871 3035 3902 ,
3073 3837 3248 3888 cum
3280 3814 3624 3890 tentoria
3655 3839 3890 3920 pene·

1128 3964 1506 4043 trassent,
1547 3973 1697 4057 nec
1729 3944 2045 4025 'ibidem
2092 3950 2571 4055 reperissent
2628 3943 2842 4025 unde
2884 3964 3208 4053 possent
3256 3950 3743 4028 remunerari
3784 3951 3893 4030 la-

1127 4084 1405 4179 boreS,
1446 4080 1546 4160 ad
1604 4080 2165 4163 incuciendum
2204 4101 2591 4162 terrorem
2648 4079 3109 4189 oppidaniS,
3167 4100 3245 4160 et
3284 4101 3376 4162 ut
3422 4112 3556 4163 eos
3611 4088 3890 4166 trium-

1128 4220 1413 4329 phasse
1468 4235 2079 4325 cognoscerent,
2146 4216 2277 4297 illa
2329 4220 2646 4327 penitus
2695 4210 3304 4298 combusserunt
3357 4198 3589 4300 etad
3654 4251 3888 4304 naves

1126 4355 1389 4465 redire
1427 4373 1954 4468 maturarunt.

1244 4493 1338 4571 In
1392 4494 1952 4600 congressione
1992 4494 2295 4598 prefata
2336 4521 2622 4602 magna
2664 4523 2850 4603 pars
2905 4494 3522 4577 Sarracenorurn
3571 4496 3877 4577 cecidit.

1130 4632 1249 4708 De
1289 4627 1740 4709 christianis
1768 4656 1955 4709 vero
1998 4658 2181 4709 cum
2222 4629 2572 4711 dominis
2605 4632 3032 4712 Guillelmo
3067 4631 3167 4713 de
3206 4636 3496 4734 Garet,
3528 4636 3888 4717 ,Iohanne

1124 4764 1227 4846 de
1253 4765 1688 4864 Montecoe,
1713 4767 2081 4845 accinctis
2121 4765 2398 4849 eodem
2428 4766 2582 4867 die,
2617 4797 2796 4848 cum
2820 4766 3151 4849 domino
3183 4798 3525 4881 namque
3551 4768 3651 4850 de
3671 4771 3884 4848 Wal-
