4666 6014
1133 701 1279 772 534
1598 687 2279 764 CHRONIGORUM
2329 687 2684 766 KAROLI
2733 687 3017 764 SEX'I'I
3067 690 3242 764 LIB.
3296 687 3432 813 IX.

1250 878 1288 916 «
1327 842 1392 922 F
1393 842 1880 922 amosissime
1910 842 2310 951 princepS,
2347 859 2624 921 noscat
2663 837 3136 950 magnitudo
3178 855 3452 921 vestra
3489 838 3908 924 dominum

1137 1016 1173 1054 r<
1216 979 1639 1076 Karolum,
1702 978 2289 1059 serenissimum
2336 1006 2603 1085 regem
2644 978 2707 1057 F
2710 978 2975 1058 rancie
3004 1040 3022 1076 ,
3059 1006 3158 1058 ex
3206 997 3435 1088 parte
3476 978 3621 1058 filii
3664 983 3911 1060 vestri

1131 1152 1169 1190 <c
1214 1113 1713 1197 diffidencias
1756 1142 1903 1194 suo
1948 1113 2211 1221 sigillo
2254 1117 2602 1222 signatas
2643 1118 3124 1226 suscepisse:
3160 1135 3652 1227 quapropter
3696 1114 3908 1196 idem

1130 1288 1168 1328 «
1209 1252 1582 1332 dominus
1605 1314 1624 1349 ,
1660 1249 1760 1330 ad
1821 1269 2087 1359 partes
2141 1268 2439 1331 vestras
2494 1250 2869 1331 accedens
2888 1314 2909 1351 ,
2967 1281 3112 1361 per
3163 1281 3291 1331 me
3336 1280 3475 1333 vos
3524 1272 3603 1332 et
3646 1257 3910 1362 ipsum

1131 1395 1168 1463 ι’(
1208 1407 1591 1498 tanquam
1649 1386 2139 1468 adversarios
2211 1389 2584 1498 capitales
2647 1392 2822 1471 vive
2879 1392 3093 1470 vocis
3163 1390 3486 1470 oraculo
3552 1409 3907 1499 reputat,

1130 1563 1167 1601 <c
1206 1547 1290 1608 et
1322 1529 1679 1636 precepit
1716 1525 1945 1606 vobis
1994 1525 2283 1605 similes
2309 1529 2693 1607 intimari.
2743 1528 3221 1636 Injuriatum
3264 1557 3348 1607 se
3396 1529 3676 1625 sentit,
3729 1555 3909 1608 cum

1130 1699 1168 1738 <c
1210 1667 1464 1745 istam.
1503 1663 2025 1744 temeritatem
2084 1660 2553 1768 agrediendi
2602 1662 2771 1741 filio
2825 1681 3092 1742 vestro
3142 1660 3325 1744 duci
3371 1692 3688 1744 causam
3740 1692 3909 1743 non

1130 1836 1166 1874 <c
1208 1803 1433 1912 prius
1489 1798 1844 1878 dederat.
1902 1796 2091 1877 Ideo
2148 1825 2314 1877 non
2379 1826 2599 1877 secus
2652 1826 2898 1908 quam
2946 1797 3281 1907 dignum
3347 1817 3468 1878 est
3515 1800 3905 1896 offensus,

1129 1972 1168 2013 α
1208 1955 1289 2017 et
1317 1963 1759 2047 properans
1799 1931 1900 2014 ad
1939 1931 2374 2013 vindictam
2395 1995 2414 2032 ,
2476 1962 2654 2013 eum
2704 1936 2968 2014 sciatis
3004 1935 3169 2043 jam
3222 1964 3402 2015 cum
3458 1937 3620 2015 suis
3679 1935 3913 2017 bella-

1129 2108 1166 2146 «
1208 2073 1522 2154 toribus
1567 2073 2008 2168 accessisse,
2067 2088 2158 2150 ut
2194 2072 2539 2180 patriam
2589 2089 2931 2150 vestram
2983 2073 3172 2150 totis
3202 2072 3506 2151 viribus
3560 2072 3903 2151 infestat.

1128 2244 1166 2284 <c
1209 2208 1624 2288 Prelibatis
1667 2207 1914 2314 igitur
1952 2204 2052 2285 ad
2092 2233 2247 2316 que
2285 2207 2794 2285 transmissus
2829 2204 3131 2285 fueram
3156 2268 3174 2303 ,
3221 2203 3634 2305 recedens,
3665 2226 3909 2316 prout

1128 2380 1165 2420 «
1197 2348 1469 2456 jussus
1498 2372 1674 2424 sum
1698 2405 1720 2443 ,
1757 2340 2133 2423 valedicO.
2167 2378 2205 2415 »

1241 2483 1674 2591 inopinato
1774 2507 2094 2559 rumore
2172 2481 2871 2560 circumstancium
2958 2481 3206 2561 animi
3278 2483 3855 2587 perturbantur
3887 2543 3905 2579 ,

1127 2619 1469 2698 maxime
1538 2643 1720 2695 cum
1793 2614 2157 2724 sequenti
2223 2613 2396 2693 luce
2463 2614 2613 2694 hac
2666 2614 2875 2712 illac,
2945 2642 3422 2726 quocunque
3487 2614 3908 2696 flectebant

1129 2753 1426 2848 oculos,
1452 2768 1737 2832 cuncta
1754 2750 1973 2829 ferro
2000 2751 2344 2859 igneque
2365 2752 2652 2830 vastari
2670 2769 2750 2829 et
2772 2748 3058 2858 predas
3080 2751 3206 2858 agi
3226 2767 3668 2829 cernerent.
3698 2750 3908 2829 Mox·

1127 2917 1286 2999 que
1316 2888 1903 2966 communicato
1932 2883 2035 2966 ad
2065 2886 2402 2965 invicem
2436 2885 3006 2993 compendioso
3040 2886 3415 2992 consilio,
3451 2914 3634 2965 cum
3671 2887 3907 2966 serias

1128 3028 1544 3106 liberiores
1577 3053 1743 3104 non
1776 3042 2184 3134 pateretur
2223 3025 2644 3104 necessitas
2669 3086 2686 3120 ,
2730 3023 3067 3134 provida
3093 3023 3680 3104 deliberacione
3716 3052 3906 3104 con-

1127 3159 1464 3241 cludunt
1506 3188 1708 3269 opus
1741 3189 1907 3240 esse
1948 3178 2074 3256 ut,
2125 3177 2557 3271 antequam
2598 3160 2902 3267 majora
2921 3158 3381 3278 discrimina
3407 3163 3665 3270 patria
3697 3179 3911 3271 pate·

1127 3315 1373 3395 retur,
1415 3324 1677 3376 comes
1717 3295 2047 3405 supplex
2096 3293 2198 3374 ad
2242 3323 2511 3404 regem
2551 3294 2954 3378 accederet
2971 3360 2989 3395 ,
3033 3315 3114 3378 et
3145 3300 3593 3378 mitteretur
3636 3300 3777 3409 qui
3807 3296 3907 3377 ad

1128 3434 1283 3513 hoc
1318 3433 1805 3542 majestatem
1852 3432 2150 3539 regiam
2188 3432 2631 3512 inclinaret.
2684 3434 3211 3543 Legacionem
3242 3433 3740 3513 Coloniensis
3780 3462 3904 3511 ar-

1130 3570 1685 3679 chiepiscopus
1715 3566 2085 3677 precibus
2105 3569 2355 3647 victus
2371 3548 2716 3680 suscepit
2738 3568 3270 3678 peragendam
3288 3598 3307 3667 ;
3338 3568 3439 3649 de
3456 3568 3626 3650 solo
3648 3586 3910 3648 autem

1130 3709 1465 3815 proprio
1511 3708 1799 3785 merito
1852 3703 2310 3802 dubitabat,
2381 3706 2560 3785 cum
2605 3708 2946 3814 patriam
2991 3709 3232 3786 vicini
3268 3706 3548 3785 ardere
3584 3708 3905 3815 conspi-

1130 3838 1410 3923 ciebat.
1467 3844 1649 3943 Qua
1697 3840 1795 3921 de
1837 3870 2067 3921 causa
2093 3902 2112 3939 ,
2162 3839 2265 3922 ad
2313 3840 2911 3937 accelerandum
2958 3844 3416 3950 negocium,
3451 3870 3909 3955 quanquam

1131 3981 1389 4087 gravis
1423 3980 1662 4058 annis
1721 3996 1959 4075 esset,
2013 4006 2196 4058 cum
2234 3979 2531 4086 insigni
2585 3981 2958 4060 comitiva
3005 3996 3260 4060 castra
3306 3981 3711 4089 ingressus
3756 3999 3904 4078 est,

1131 4131 1213 4192 et
1250 4132 1343 4193 ut
1373 4111 1478 4193 ad
1510 4142 1777 4223 regem
1805 4112 2244 4194 duceretur-
2266 4117 2648 4194 exoravit.
2693 4113 2819 4194 Ad
2859 4144 3098 4229 quem
3142 4116 3323 4196 ilico
3365 4117 3867 4201 intromissus
3888 4178 3906 4213 ,

1132 4267 1318 4356 post
1381 4251 1832 4331 exhibitum
1885 4250 2156 4330 debite
2193 4250 2703 4331 salutacionis
2752 4251 3085 4332 affatum
3103 4314 3122 4351 ,
3189 4282 3369 4333 cum
3422 4253 3909 4361 majestatem

1130 4388 1434 4494 regiam
1493 4385 1593 4465 ad
1664 4387 2193 4467 clemenciam.
2225 4388 2499 4470 multis
2566 4388 2945 4498 exemplis
3011 4408 3092 4468 et
3164 4390 3622 4469 racionibus
3690 4388 3912 4468 incli-

1131 4540 1433 4620 nasset,
1468 4521 1791 4603 tandem
1811 4500 2230 4604 ‘humiliter
2267 4525 2743 4634 supplicavit
2776 4543 2867 4604 ut
2894 4522 3320 4606 adventum
3353 4554 3584 4606 suum
3612 4524 3909 4605 abhinc

1134 4677 1501 4766 pacatum
1545 4657 1917 4739 redderet
1935 4721 1954 4758 ‚
1987 4657 2290 4740 addens
2332 4662 2417 4740 in
2442 4662 2652 4742 calce
2692 4636 3121 4745 verborum
3153 4665 3523 4767 comitem
3554 4662 3906 4770 imperiis

1133 4797 1295 4875 suis
1350 4815 1728 4906 prompto
1778 4798 2050 4877 animo
2110 4798 2584 4905 pariturum,
2640 4797 3078 4880 dummodo
3132 4798 3414 4908 prede,
3478 4817 3775 4907 strages
3827 4813 3907 4876 et
