4666 6014
1147 583 1290 653 626
1621 581 2323 658 CHRONICORUM:
2357 581 2712 696 Kamul
2762 581 3049 660 sssx‘n
3099 579 3274 658 Lm.
3333 579 3434 658 x.

1142 732 1507 837 superius
1534 728 1836 814 dictum
1864 752 2020 832 est,
2056 753 2338 842 comaga
2361 733 2760 816 Jacobitas
2793 725 3023 818 beate
3055 727 3304 816 Marie
3334 733 3696 842 Virginis
3735 737 3936 818 exti-

1144 885 1350 946 terat
1380 866 1809 951 advocatus
1844 859 2328 981 precipuus,
2368 869 3058 981 archiepiscopatu
3095 873 3466 951 Remeusi
3505 861 3926 982 potiretur.

1140 1003 1230 1083 In
1275 1004 1411 1084 ino
1452 1022 1723 1087 tamen
1747 1009 2136 1104 beneficio
2182 1039 2345 1091 non
2391 1009 2531 1091 diu
2579 1012 2896 1090 mansit.
2923 1000 3190 1107 Nam,
3229 999 3608 1100 nundum
3657 1001 3970 1090 mense'

1134 1157 1447 1241 exactO,
1499 1133 1703 1224 male
1740 1137 2215 1255 pocionatus
2252 1147 2628 1250 decessit3
2670 1148 2893 1258 cujus
2931 1148 3312 1228 facinoris
3335 1209 3355 1246 ,
3400 1164 3492 1230 ut
3514 1147 3755 1257 vulgo
3797 1174 3929 1226 re-

1134 1277 1575 1379 ferebatur,
1651 1283 2009 1366 Jacobite
2089 1305 2395 1367 actores
2469 1290 2931 1370 extiterunt.
3001 1287 3108 1365 Et
3166 1288 3527 1399 quamvis
3596 1284 3683 1366 id
3757 1313 3923 1367 non

1134 1415 1552 1498 habuerim
1594 1450 1746 1530 pro
1799 1443 2251 1532 compert0,
2288 1443 2369 1504 et
2413 1423 2511 1505 de
2551 1425 2879 1504 occultis
2921 1452 3088 1503 non
3142 1424 3480 1506 habeam
3515 1422 3875 1534 J'udicare
3900 1487 3918 1521 ,

1134 1556 1300 1634 scio
1333 1573 1600 1639 tamen
1636 1559 1855 1670 quod
1894 1590 2135 1672 super
2186 1591 2461 1643 omnes
2503 1563 2875 1656 mortales
2917 1566 3182 1672 ipsum
3233 1561 3425 1645 odio
3464 1561 3914 1658 habebant,

1132 1695 1324 1776 dum
1356 1698 1641 1807 agebat
1670 1700 1755 1779 in
1786 1701 2184 1782 humanis,

1242 1834 1419 1914 Hiis
1452 1863 1646 1942 ergo
1686 1839 1838 1916 rite
1867 1838 2246 1948 peractiS,
2284 1840 2528 1918 tercia
2559 1836 2688 1917 die
2735 1836 3237 1935 novembriS,
3286 1865 3464 1918 cum
3506 1837 3912 1916 licenciam

1126 1988 1461 2078 paterna
1499 1970 2065 2053 benedictione
2105 1975 2478 2054 comitiva
2520 1976 3054 2084 impetrasset,
3095 2001 3284 2081 erga
3316 1969 3585 2082 ipsum
3618 1991 3698 2052 et
3725 2002 3914 2056 suos

1128 2109 1464 2189 illustres
1497 2109 1809 2220 papalis
1832 2109 2173 2220 prodiga
2196 2174 2216 2210 ,
2247 2110 2387 2191 sed
2423 2103 2659 2221 plane
2699 2108 3390 2209 commendabilis,
3424 2110 3708 2191 claruit
3746 2141 3914 2191 mu-

1128 2249 1540 2329 nificencia
1561 2311 1580 2348 ,
1623 2269 1703 2330 et
1733 2251 2178 2360 peregrinis
2212 2250 2606 2364 jocalibus
2642 2277 2893 2362 usque
2922 2247 3022 2329 ad
3056 2249 3408 2328 militem.
3436 2227 3907 2360 ejusnovis—

1012 2475 1019 2486 ,
1122 2389 1407 2468 simum
1442 2384 1748 2490 ditavit,
1799 2388 1981 2488 Qua
2028 2386 2158 2470 die
2196 2390 2484 2488 eciam,
2520 2417 2701 2468 cum
2747 2390 2832 2466 in
2867 2387 3074 2468 Villa
3106 2389 3329 2469 Nova
3368 2361 3907 2498 cardinalibus

1122 2526 1575 2608 convivium
1605 2525 2108 2622 celebrasset,
2138 2528 2411 2637 eisque
2450 2523 2950 2610 valedixisset
2970 2585 2990 2623 ,
3023 2523 3402 2606 recedens
3421 2585 3440 2622 ,
3492 2553 3636 2631 per
3669 2525 3909 2612 Mon-

1120 2681 1279 2746 tem
1318 2663 1866 2760 pessulanum,
1896 2663 1972 2742 N
1975 2663 2367 2744 arbonam
2392 2680 2472 2743 et
2501 2664 3071 2743 Carcassouem
3111 2661 3688 2770 pertrmisiens,
3723 2680 3900 2742 tan-

1118 2799 1301 2880 dem
1335 2800 1576 2911 hujus
1624 2801 1918 2880 mensis
1966 2801 2333 2880 vicesima
2385 2828 2602 2880 nona
2641 2797 2773 2878 die
2825 2800 3223 2880 civitatem
3260 2798 3332 2877 T
3334 2773 3608 2890 holose
3660 2817 3899 2907 caput

1119 2940 1579 3051 Aquitanici
1614 2937 1944 3020 ducatus
1987 2940 2388 3053 ingressus
2427 2955 2569 3019 est.

2135 3223 2720 3305 CAPITULUM
2769 3223 2870 3301 X.

2072 3433 2196 3495 Rex
2230 3434 2632 3516 Aequitauiam
2672 3434 2944 3494 visitavit.

1199 3668 1394 3745 ,Rex
1460 3666 1543 3744 in
1592 3665 1908 3745 civitate
1950 3665 2303 3747 Tholose
2356 3695 2606 3776 usque
2654 3664 2754 3744 ad
2804 3667 3222 3777 septimam
3274 3662 3481 3744 diem
3539 3664 3887 3771 januarii

1112 3832 1421 3885 moram
1461 3802 1825 3900 trahens,
1864 3822 1944 3884 et
1990 3806 2451 3917 questiones
2492 3802 2592 3883 de
2641 3802 2904 3882 multis
2946 3800 3582 3882 malefactoribus
3632 3786 3891 3881 accer-

1110 3943 1285 4022 sitis
1336 3959 1566 4020 antea
1608 3928 2134 4048 personaliter
2175 3969 2588 4038 exercens,
2649 3957 3183 4023 correctorem
3235 3939 3748 4053 equissimum
3808 3954 3890 4020 se

1105 4077 1483 4178 ostendit,
1514 4097 1592 4158 et
1633 4078 2134 4159 laudabiliter
2166 4077 2450 4157 multas
2492 4105 2797 4175 causas,
2832 4077 3233 4186 oppressis
3277 4076 3571 4184 injuste
3611 4077 3908 4156 subve·‘

1104 4181 1372 4315 nienS,
1424 4245 1632 4328 equo
1672 4216 2096 4299 libramine
2137 4214 2239 4299 de
2270 4213 2576 4324 judicio
2619 4242 3040 4325 procerum
3082 4216 3539 4299 terminavit
3580 4233 3718 4297 aut
3757 4211 3890 4297 de-

1107 4355 1533 4450 terminare
1570 4351 1956 4453 decrevit,
2005 4352 2388 4466 quamdiu
2435 4352 2733 4439 ibidem
2781 4354 3093 4469 mansit.
3147 4350 3272 4435 Ad
3321 4354 3580 4461 patrie
3623 4357 3888 4464 queri*

1102 4493 1454 4579 moniam
1509 4491 1958 4600 generalem
1995 4491 2645 4601 compescendam
2665 4553 2683 4586 ,
2739 4519 2928 4599 egre
2966 4490 3230 4575 ferens
3249 4491 3380 4571 ob
3415 4493 3767 4599 rigorem
3805 4512 3885 4572 et

1098 4630 1464 4737 angarias
1512 4629 1984 4741 multiplices
2037 4628 2619 4738 adinventaque
2662 4628 3070 4737 vectigalia
3113 4645 3582 4708 exactorum
3628 4631 3916 4738 regio--

1022 4840 1033 4859 ,
1099 4794 1312 4866 rum,
1374 4765 1788 4847 custodum
1850 4786 2088 4878 atque
2147 4787 2549 4853 rectorum
2597 4767 2962 4867 urbium,
3027 4766 3458 4847 nonnullos
3513 4768 3719 4849 cives
3771 4762 3898 4847 ab'
