4666 6014
1117 618 1259 689 650
1574 568 2255 720 cuRoNlc'omJM
2304 605 2660 680 KAROLI
2710 601 2995 676 sEx'ri
3044 602 3221 692 us.
3275 563 3424 675 xl}

1121 797 1157 834 «
1201 760 1559 866 bellaque
1598 774 1815 864 gesta
1858 772 2113 836 marte
2151 757 2374 835 vario
2405 773 2487 835 et
2513 754 2920 861 sepissime
2968 751 3341 830 infausto.
3382 751 3902 859 Quapropter

1121 933 1155 970 «
1186 896 1578 984 ,molestiis
1646 895 2019 992 lacessiti,
2089 921 2133 972 a
2208 894 2656 982 sevissimis·
2689 889 3317 970 tribulacionum
3365 887 3743 970 fluctibus
3799 889 3900 968 ad

1121 1070 1158 1107 «
1198 1052 1482 1143 portus
1522 1034 1734 1141 regie
1757 1033 2190 1140 majestatis
2218 1029 2919 1141 transquillitatem
2952 1026 3416 1107 accedentes
3436 1091 3456 1126 ‚
3488 1026 3660 1135 ejus
3700 1029 3905 1107 vivi-'-

1123 1205 1159 1244 «
1200 1168 1386 1249 dam
1424 1187 1503 1276 et
1542 1186 2098 1277 prepotentem
2139 1165 2546 1248 dexteram
2570 1228 2589 1264 ,
2634 1183 2804 1245 esto
2842 1165 3218 1245 acerbum
3266 1163 3627 1244 videatur
3655 1183 3735 1244 et
3777 1166 3900 1244 in-

1125 1341 1161 1380 «
1203 1307 1564 1402 solitum,
1600 1306 1961 1413 cogimur
1992 1304 2444 1414 implorare.
2485 1302 2884 1382 Omnibus
2925 1300 3252 1413 quidem
3298 1318 3639 1381 vestram
3668 1303 3903 1381 mise-

1128 1479 1163 1517 «
1206 1443 1638 1524 ricordiam
1670 1417 2177 1553 vestrumque
2208 1442 2594 1521 auxilium
2635 1469 2922 1549 equum
2951 1459 3069 1520 est
3105 1459 3414 1547 patere,
3449 1441 3606 1519 hiis
3639 1457 3908 1520 tamen

1130 1615 1165 1654 «
1206 1581 1553 1674 maxime
1595 1579 2214 1688 implorantibus
2263 1596 2541 1658 contra
2600 1578 2963 1658 inimicos
3012 1578 3347 1675 Christi3
3393 1575 3617 1688 quod
3650 1579 3717 1656 si
3757 1605 3908 1686 pro

1131 1752 1167 1790 «
1210 1716 1457 1795 salute
1488 1733 1763 1795 nostra
1792 1717 2019 1823 prior
2049 1715 2394 1795 tuleritis
2418 1777 2437 1811 ‚
2481 1713 2563 1793 id
2599 1742 2748 1793 nos
2780 1742 2933 1822 pro
2966 1742 3216 1822 regno
3247 1731 3509 1794 vestro
3541 1730 3621 1793 et
3659 1714 3912 1822 gloria

1134 1888 1170 1928 «
1212 1880 1523 1959 semper
1562 1852 1971 1951 faciemus,
2003 1868 2083 1931 et
2113 1882 2158 1931 a
2196 1853 2479 1932 vestris
2519 1850 2924 1958 obsequiis
2950 1850 3162 1929 nulla
3199 1850 3368 1931 dies
3391 1914 3411 1949 ,
3452 1880 3673 1932 casus
3707 1851 3914 1931 ullus

1135 2024 1172 2062 «
1215 1988 1493 2068 avellet
1548 1990 1634 2066 in
1667 2005 2166 2095 perpetuum.
2203 1985 2294 2066 Id
2342 1986 2730 2066 habemus
2783 2014 2936 2093 pro
2983 2004 3432 2095 compertO,
3476 1987 3693 2097 quod
3732 2017 3914 2069 cum

1137 2160 1174 2198 «
1214 2123 1684 2204 adversariis
1724 2109 1952 2232 regni
1980 2127 2220 2205 vestri
2253 2122 2483 2204 fedus
2509 2121 2905 2204 induciale
2929 2124 3332 2233 junxistis.
3366 2125 3486 2204 Ne
3513 2152 3740 2234 ergo,
3777 2155 3918 2233 po-

1136 2297 1173 2336 «
1212 2263 1387 2342 sitis
1448 2279 1962 2341 externorum
2034 2261 2575 2370 periculorum
2646 2262 2854 2341 curis
2874 2321 2894 2359 ‚
2954 2261 3366 2341 luxurient
3422 2263 3601 2342 ocio
3671 2264 3916 2341 animi

1137 2400 1891 2505 «francigenarum
1912 2459 1931 2495 ‚
1984 2398 2519 2506 supplicamus
2575 2415 2667 2480 ut
2723 2397 2960 2477 nobis
3025 2400 3190 2476 cito
3243 2400 3654 2497 mirentur,
3729 2397 3919 2478 dum

1140 2570 1177 2608 «
1219 2534 1440 2615 adest
1477 2537 1644 2645 jam
1697 2535 1963 2615 classis
2018 2537 2103 2613 in
2159 2535 2425 2614 vicino
2479 2536 3114 2643 opportunitatis
3167 2535 3789 2635 transfretandi,
3841 2553 3921 2614 et

1141 2706 1178 2744 «
1220 2699 1411 2779 opes
1455 2671 1937 2751 sufficientes
1968 2685 2410 2778 suppetunt
2441 2667 2538 2749 ad
2578 2675 3315 2758 remuneracionem
3342 2674 3740 2752 laborum.
3771 2707 3808 2746 »

1260 2923 1598 3025 Semotis
1633 2942 1822 3024 inde
1850 2944 2127 3053 legatis
2148 3005 2168 3042 ,
2220 2917 2913 3023 circumstancium
2945 2941 3252 3024 auditui
3284 2963 3506 3052 grata
3541 2946 3696 3027 fuit
3723 2921 3936 3057 lega-x

1148 3084 1310 3179 ci0‚
1348 3097 1426 3160 et
1467 3109 1644 3160 cum
1682 3109 1865 3188 rege
1902 3082 2488 3160 communicato
2523 3079 2895 3178 consilio,
2941 3078 3553 3163 deliberacionis
3587 3083 3929 3190 provido

1148 3218 1571 3297 libramine
1598 3242 1837 3325 opem
1859 3210 2025 3296 esse
2053 3215 2466 3311 serendam
2497 3215 3008 3296 concludunt.
3052 3217 3338 3330 Sicque
3369 3221 3688 3301 nunciis
3711 3251 3931 3301 revo-

1149 3356 1343 3433 catis
1366 3414 1386 3451 ,
1416 3357 1993 3465 miseratusque
2027 3381 2167 3432 rex
2202 3346 2567 3452 miserias,
2585 3357 3296 3460 conquerendum,
3339 3372 3631 3437 stratos
3660 3360 3931 3439 animo

1151 3492 1464 3571 lenibus
1499 3491 1762 3572 verbis
1792 3494 2081 3590 erexit,
2126 3495 2241 3571 sic
2277 3489 2818 3599 respondens:
2862 3524 2901 3566 «
2932 3490 3134 3570 Cum
3170 3495 3479 3601 regium
3511 3495 3615 3572 sit
3644 3493 3932 3573 adne-

1155 3663 1192 3701 «
1235 3631 1669 3709 cessitatem
1706 3626 2045 3708 redactis
2078 3656 2317 3739 opem
2356 3628 2569 3707 ¹ferre
2593 3688 2612 3724 ‚
2655 3632 2740 3706 in
2787 3626 3284 3709 adversarios·
3309 3633 3647 3709 maxime
3679 3634 3937 3710 nomi-

1155 3802 1193 3839 «
1233 3767 1359 3844 nis
1410 3766 1862 3863 christiani,
1925 3794 2108 3846 cum
2175 3767 2324 3845 iste
2380 3768 2484 3844 sit
2542 3764 2830 3844 milicie
2882 3764 3271 3872 gloriosus
3344 3783 3421 3844 et
3477 3768 3937 3848 meritorius

1156 3936 1192 3973 «
1235 3901 1489 4000 labor,
1537 3919 1616 3980 et
1655 3929 1893 4013 quern
1935 3921 2146 4009 certe
2185 3901 2713 4011 personaliter
2752 3903 3346 4010 concupiscenti
3381 3906 3652 3982 animo
3694 3932 3934 4013 expe-

1159 4072 1195 4109 «
1237 4037 1467 4133 rirer,
1514 4054 1859 4118 attamen
1914 4067 2095 4118 cum
2152 4037 2641 4147 impossibile
2694 4040 2939 4119 michi
2994 4042 3099 4120 sit
3152 4042 3362 4119 inter
3400 4070 3527 4119 me
3575 4070 3664 4120 ac
3714 4046 3939 4150 regni

1161 4206 1201 4247 «
1236 4173 1585 4253 emulum
1660 4172 2062 4254 discordia
2134 4174 2624 4282 perdurante
2650 4238 2667 4273 ,
2748 4205 2896 4256 nec
2959 4178 3068 4257 ob
3136 4179 3290 4257 hoc
3317 4240 3338 4274 ‚
3400 4176 3886 4258 dilectissimi
3919 4226 3968 4276 ,ι

1159 4344 1195 4384 «
1240 4310 1729 4403 Francorum
1762 4339 2140 4391 succursu
2156 4372 2176 4410 ‚
2202 4313 2345 4420 qui
2371 4341 2540 4393 non
2565 4313 2825 4395 solum
2858 4316 3082 4393 novit
3111 4316 3550 4395 amicorum
3572 4315 3940 4399 fortunas

1160 4482 1198 4519 κ
1236 4445 1697 4527 deffendere
1728 4445 1868 4527 sed
1903 4477 2231 4557 augere,
2267 4451 2677 4549 carebitis,
2713 4453 3066 4531 Domino
3112 4451 3618 4532 concedente.
3659 4487 3698 4527 a·

1267 4582 1460 4661 Voti
1488 4572 1895 4690 compotes
1922 4585 2121 4692 regii
2154 4587 2483 4666 minime
2509 4587 3012 4687 deffiierunt3
3054 4585 3193 4669 se‘d
3217 4614 3409 4668 mox
3429 4650 3448 4687 ‚
3484 4589 3698 4669 velut
3729 4609 3939 4670 stre-

1156 4720 1483 4798 nuitatis
1518 4720 1857 4799 scintilla
1877 4722 2321 4802 astancium
2350 4726 2660 4805 animos
2682 4723 3270 4822 inflammasset,
3306 4724 3405 4805 ad
3438 4725 3593 4804 hoc
3625 4743 3935 4835 gratum
