4666 6014
1106 701 1252 780 '322
1539 779 1546 786 ,
1595 675 2278 772 CHRONICORUM
2327 697 2681 788 KAaom
2731 699 3015 774 sEx'ri
3062 683 3242 774 Lm.
3300 700 3387 780 v.

1108 851 1508 934 tendebat.
1566 850 1764 946 Diu,
1803 847 1997 928 dum
2031 851 2120 928 in
2149 851 2482 959 sceptris
2518 851 2682 957 egit
2723 849 3088 956 pacifice,
3131 869 3350 958 gesta
3386 851 3557 960 ejus
3591 850 3901 956 magni-

1106 992 1280 1087 fica,
1320 986 1785 1068 diviciarum
1818 988 2284 1067 accumulati
2318 988 2609 1083 acervi,
2637 985 3152 1094 exlegittimo
3178 987 3697 1066 matrimonio
3723 1011 3895 1065 sus-

1107 1145 1333 1236 cepta
1371 1127 1628 1207 fausta
1663 1126 1927 1234 proles
1949 1189 1967 1222 ,
2015 1124 2383 1237 equidem
2415 1126 2631 1204 bona
2663 1126 2932 1204 omnia
2964 1126 3181 1203 inter
3211 1126 3537 1234 pociora
3569 1125 3897 1204 fortune

1103 1291 1434 1344 munera
1486 1260 2023 1372 computanda
2067 1265 2329 1371 ipsum
2382 1263 2545 1342 suis
2591 1259 3089 1370 diligendum
3146 1262 3595 1372 exterisque
3653 1279 3889 1341 vene-

1103 1393 1446 1480 randum
1473 1398 2015 1480 reddiderant.
2048 1397 2205 1478 Sed
2231 1397 2423 1478 dum
2449 1399 3116 1508 prosperitatibus
3147 1399 3573 1508 gloriatur,
3602 1401 3896 1479 sensim

1101 1543 1184 1618 in
1250 1540 1419 1649 ejus
1477 1539 1792 1618 ruinam
1855 1554 2062 1616 artes
2117 1535 2446 1615 fortuna
2501 1536 2874 1616 subm-isit
2897 1599 2915 1636 ,
2969 1555 3091 1635 et,
3145 1556 3239 1616 ut
3276 1537 3553 1618 ‚verius
3601 1535 3893 1628 fatear,

1101 1659 1434 1755 domino
1497 1675 1862 1774 fortune,
1916 1677 2057 1786 qui
2113 1703 2296 1753 cum
2356 1669 2774 1754 celestibus
2821 1675 3057 1756 simul
3108 1692 3189 1754 et
3240 1692 3561 1754 terrena
3610 1672 3894 1753 mode-

1091 1832 1352 1911 ratur,
1392 1815 1890 1922 permitente.
1926 1810 2174 1912 Quod
2215 1807 2387 1920 ipse
2424 1813 2569 1911 sit,
2612 1815 2752 1922 qui
2810 1812 3225 1892 baltheum
3263 1831 3553 1920 regum·
3590 1809 3887 1920 discinj-

1099 1980 1289 2058 gens
1333 1954 1358 1994 ¹
1400 1948 1506 2030 de
1542 1967 1778 2058 gente
1816 1951 1902 2028 in
1942 1965 2258 2056 gentem
2300 1948 2683 2054 transfert
2720 1975 2967 2055 regna
2988 2010 3013 2046 ,
3052 1966 3247 2030 tunc
3282 1949 3566 2056 patuit.

1210 2311 1415 2390 Nam
1455 2310 1597 2420 qui
1641 2325 1950 2387 norunt
1994 2324 2162 2386 tam
2202 2305 2362 2387 diri
2405 2335 2635 2388 casus
2673 2335 3134 2417 processum
3159 2369 3178 2407 ‚
3234 2307 3339 2387 ad
3389 2307 3885 2389 iracundiam

1093 2463 1612 2556 provocatuS‚
1664 2446 1854 2556 quia
1892 2447 2529 2525 conversacionis
2592 2443 3108 2525 immundicia
3133 2507 3152 2545 ‚
3208 2448 3369 2526 vite
3417 2444 3841 2555 turpitudo
3868 2509 3886 2543 ,

1094 2586 1481 2663 viciorum
1514 2580 1800 2661 feditas
1830 2569 2419 2689 regnicolas-ab
2456 2611 2551 2661 eo
2588 2582 2945 2662 fecerant
2975 2583 3314 2697 alienOS,
3363 2581 3546 2662 ideo
3587 2585 3885 2691 virgam

1093 2721 1393 2800 furoris
1417 2721 1581 2816 sui,
1609 2736 1927 2826 gentem
1951 2718 2248 2798 scilicet
2271 2719 2721 2818 Turcorum
2737 2718 3222 2828 pervalidam
3239 2781 3257 2817 ,
3293 2718 3888 2798 immundarum

1096 2856 1636 2937 tradicionum
1668 2856 2160 2934 sectatricem
2190 2917 2209 2953 ‚
2239 2858 2345 2934 in
2385 2883 2665 2936 eorum
2707 2856 2942 2937 finale
2989 2858 3555 2936 exterminium
3594 2854 3886 2944 debac-

1097 2995 1316 3075 chari
1381 2994 1764 3102 permisit.
1841 2992 2045 3073 Sane
2105 2992 2364 3073 ferina
2430 2994 2653 3075 rabie
2716 2994 3185 3102 sanguinem
3244 2994 3887 3074 Christianorum

1097 3134 1507 3231 sicientesh,
1569 3130 1976 3243 hucusque
2049 3132 2402 3213 habenas
2461 3131 2954 3212 crudelitatis
3022 3131 3365 3213 laxando
3393 3194 3411 3230 ,
3457 3134 3700 3213 urbes
3771 3161 3889 3211 re-

1096 3270 1355 3378 gionis
1410 3297 1562 3378 pro
1598 3270 1796 3378 jugo
1830 3270 2286 3351 Christiane
2337 3269 2525 3350 fidei
2571 3298 2851 3351 eorum
2894 3272 3061 3379 pati
3118 3273 3578 3353 servitutem
3633 3269 3889 3351 duris-

1097 3410 1378 3487 simam
1437 3390 1942 3514 eoegerunt,
1965 3425 2048 3487 et
2101 3406 2603 3489 Christianos
2632 3470 2650 3506 ,
2694 3436 2845 3515 pro
2902 3408 3197 3520 quibus
3254 3407 3618 3487 Christus
3676 3410 3885 3486 mori

1092 3543 1346 3625 voluit
1369 3606 1387 3642 ,
1445 3545 1530 3621 in
1592 3543 1786 3623 locis
1847 3544 2214 3652 plurimis
2264 3545 2602 3625 vinculis
2654 3546 3149 3654 mancipatos
3192 3562 3272 3624 et
3321 3538 3844 3653 compedibus
3867 3608 3884 3641 ,

1092 3682 1299 3763 fame
1341 3681 1696 3789 attritOS,
1759 3680 2187 3760 horrendis
2246 3710 2653 3763 carcerum
2706 3683 3009 3762 clausos
3078 3683 3531 3791 ergastuliS,
3586 3681 3891 3761 scalore

1094 3816 1467 3897 sordidos
1499 3835 1579 3896 et
1610 3815 1940 3896 indutos
1974 3812 2539 3917 amaritudine,
2581 3810 2856 3900 sedere
2898 3821 2983 3898 in
3014 3819 3523 3929 mendicitate
3555 3837 3635 3897 et
3662 3819 3884 3909 „ferro

1093 3970 1565 4061 statuerunt.
1612 3953 1714 4031 Et
1744 3956 2102 4064 quamvis
2135 3975 2617 4036 memoratus
2651 3985 2791 4036 rex
2810 4020 2827 4054 ,
2873 3974 2963 4036 ut
2995 3974 3166 4035 erat
3196 3958 3664 4053 strenuitate
3701 3985 3889 4036 con-

1095 4120 1454 4202 spicuus,
1485 4089 1586 4169 ad
1622 4092 1956 4201 injurias
1994 4091 2635 4174 Christianorum
2674 4092 3260 4207 propulsandas
3294 4095 3379 4173 in
3414 4093 3681 4175 hostes
3716 4095 3887 4203 plu-

1096 4232 1256 4311 ries
1288 4231 1888 4326 insurrexisset,
1924 4230 2308 4341 varioque
2339 4251 2628 4315 eventu
2664 4233 3084 4344 faustoque
3143 4260 3329 4339 sepe
3368 4231 3883 4329 conflixisset,

1092 4366 1424 4451 tandem
1458 4386 1723 4449 tamen
1761 4367 2014 4449 vietus
2049 4368 2523 4468 subcubuit,
2564 4370 2995 4482 fractisque
3034 4370 3341 4450 viribus
3382 4387 3466 4449 et
3497 4369 3887 4449 militibus

981 4516 988 4525 “
1039 4503 1064 4581 .’
1094 4508 1440 4602 amissis,
1479 4505 1686 4613 fuga
1733 4505 2074 4611 salutem
2121 4524 2411 4614 petere
2443 4527 2759 4591 coactns
2813 4528 2969 4610 est,
3004 4535 3280 4590 uxore
3332 4526 3414 4588 et
3464 4508 3733 4587 liberis
3780 4505 3880 4585 ad

1015 4752 1022 4757 -
1055 4620 1636 4751 ,eaptivitatem
1675 4641 2040 4723 redactis.

1173 4874 1187 4895 ¹
1235 4865 1372 4941 Vct-r.
1400 4888 1414 4915 a
1444 4879 1508 4915 n⁰
1529 4861 1693 4936 5960,
1736 4863 1831 4919 sol.
1860 4864 1931 4936 59
1955 4883 2028 4931 r.‚
2061 4863 2443 4935 distinguens-
2542 4944 2548 4950 Δ
