4666 6014
959 695 966 700 -
1089 657 1232 727 510
1563 646 2248 726 ennomcoRUM
2297 642 2653 730 KARou
2704 648 3411 736 auxum..1x.

1087 800 1334 910 regali
1381 800 1718 879 traxisse
1773 800 2210 908 originem,
2274 799 2503 884 flexis
2536 799 2902 909 genibus
2950 817 3385 882 oravemnt
3431 817 3526 882 ut
3569 825 3895 882 causam·

1085 940 1256 1050 ejus
1277 954 1359 1020 et
1383 945 1809 1044 personam
1836 938 2172 1018 haberet
2202 935 2891 1018 recommandatas
2912 999 2931 1036 ,
2964 954 3045 1017 et
3069 935 3467 1050 quidquid
3498 940 3585 1017 in
3618 941 3882 1047 ipsum

1084 1076 1590 1156 commiserat
1623 1074 2248 1155 'clementissime
2308 1073 2785 1183 indulgeret.
2844 1075 3588 1157 Indecentissimum
3639 1104 3865 1185 repu-

1083 1231 1420 1311 tassent,
1481 1193 1566 1291 si‘
1606 1230 2018 1292 tantorum
2078 1241 2354 1320 preces
2412 1213 2755 1293 humiles
2811 1213 3261 1311 abnuisset3
3318 1230 3398 1293 et
3449 1209 3630 1293 ideo
3684 1215 3879 1322 ipsis

1081 1347 1607 1431 amicabiliter
1648 1352 1736 1429 in
1783 1366 2012 1460 parte
2060 1346 2709 1430 condescendens
2735 1412 2753 1447 ,
2805 1348 3086 1430 ducem
3136 1350 3485 1459 benigne
3532 1353 3871 1462 excepit.

1079 1463 1327 1569 Vultu
1351 1514 1671 1600 quoque
1711 1485 2169 1594 significans
2203 1516 2385 1567 cum
2428 1485 2673 1569 multa
2713 1486 3136 1596 hylaritate
3176 1515 3410 1568 suum
3444 1490 3876 1600 suscepisse

1083 1622 1517 1708 adventum
1534 1686 1555 1723 ,
1583 1624 1671 1703 in
1696 1640 1957 1706 castro
1983 1651 2130 1706 suo
2160 1624 2279 1704 Lu
2287 1652 2480 1733 pare
2508 1622 2769 1706 eidem
2797 1623 2987 1704 fecit
3006 1624 3402 1733 hospitale
3424 1603 3901 1708 cubiculum'

1078 1761 1536 1871 preparari3
1587 1757 1811 1871 quod
1859 1761 2182 1867 signum
2232 1779 2404 1842 erat
2454 1779 2729 1844 mutue
2774 1760 3337 1841 familiaritatis
3391 1778 3472 1841 et
3520 1764 3878 1843 amicicie

1078 1896 1530 2007 singularis.
1591 1893 1791 1977 Inde
1853 1896 2449 2006 obstupuerunt
2499 1896 2874 1978 nonnulli
2930 1925 3027 1977 ex
3087 1901 3493 2006 generosis
3550 1903 3876 2005 proavis

1077 2033 1458 2116 ducentes
1516 2035 1951 2142 originem,
2008 2034 2194 2142 quia
2241 2034 2347 2114 ab
2388 2032 2947 2117 adolescencia
2995 2034 3081 2114 in
3122 2033 3408 2142 Anglia
3453 2031 3872 2133 educatum,

1073 2190 1155 2253 et
1186 2173 1533 2253 existens
1566 2169 1947 2252 cordialis
1977 2172 2233 2252 hostis
2263 2167 2535 2280 regni,
2570 2170 2834 2280 ipsum
2868 2197 3035 2251 non
3069 2169 3327 2250 solum
3366 2171 3874 2255 infestaverat

1075 2327 1439 2418 tempore
1468 2309 1676 2417 regis
1704 2306 2095 2388 deffuncti
2114 2371 2133 2407 ,
2165 2306 2303 2389 sed
2331 2327 2413 2390 et
2441 2311 2596 2389 isto
2627 2325 3048 2417 regnante,
3090 2306 3306 2419 apud
3334 2307 3760 2391 Bourbouc
3791 2327 3871 2391 et

1076 2474 1336 2545 nunc,
1380 2444 1857 2557 impedierat
1905 2446 2282 2526 miliciam
2347 2445 2840 2526 Gallicanam
2900 2443 3003 2524 ad
3061 2439 3490 2553 probitatis
3548 2447 3869 2528 titulum

1071 2581 1648 2700 acquirendum
1683 2614 1700 2663 t
1738 2581 1955 2664 unde
1995 2584 2258 2696 ipsum
2296 2582 2783 2690 reputabant
2822 2584 3070 2692 magis
3105 2581 3500 2691 supplicio
3529 2579 3865 2691 dignum

1069 2750 1306 2834 quam
1362 2721 1698 2816 honore.
1755 2720 2126 2801 Forsitan
2181 2749 2281 2801 ex
2335 2722 2635 2801 astucia
2686 2723 2965 2802 innata·
3016 2718 3376 2828 predicta
3427 2738 3692 2801 mente
3738 2749 3864 2800 re·-

1065 2857 1387 2940 volvens
1406 2921 1425 2956 ,
1480 2875 1559 2938 et
1618 2855 2040 2948 attendens
2096 2856 2316 2969 quod
2376 2855 2902 2940 immoderata
2956 2854 3257 2965 cupido
3307 2857 3548 2964 regiis
3600 2854 3860 2936 domi-

1063 3014 1302 3077 natur
1343 2997 1426 3075 in
1470 2994 1668 3075 aulis
1687 3058 1705 3093 ‚
1750 2993 2137 3107 quamdiu
2175 3022 2488 3076 moram
2527 2996 2777 3076 traxit
2813 2996 3161 3077 Parisius
3181 3056 3200 3093 ‚
3248 3020 3433 3075 cum
3461 2993 3863 3076 baronum

1062 3150 1142 3212 et
1184 3133 1532 3214 militum
1575 3132 1839 3212 nobili
1889 3135 2264 3213 comitiva
2311 3132 2593 3213 crebra
2641 3135 3002 3215 convivia
3041 3132 3260 3243 justo
3313 3129 3859 3241 prodigaliora

1059 3269 1463 3350 celebrans
1489 3298 1655 3350 non
1682 3271 1855 3350 sine
1878 3268 2102 3351 fluxu
2132 3298 2589 3370 munerum,
2621 3268 2787 3349 lilia
2813 3267 3409 3366 defferencium,
3438 3268 3855 3348 curialium

1057 3434 1377 3518 quoque
1417 3405 1960 3487 reconciliavit
1999 3407 2340 3486 animos.

1169 3566 1678 3649 Discordiam
1725 3568 2197 3675 inexpiabili
2252 3565 2443 3648 odio
2499 3558 2957 3650 inchoatam
3007 3566 3200 3648 inde
3262 3566 3500 3650 duces
3552 3567 3853 3647 Biturie

1055 3722 1293 3816 atque
1344 3702 1808 3813 Burgundie
1863 3703 2442 3814 pacificandam
2499 3704 2901 3814 adgressi,
2956 3702 3236 3786 ducem
3294 3704 3708 3787 Britannie
3761 3706 3847 3787 in

1053 3844 1263 3949 regis
1302 3844 1710 3952 presencia
1739 3845 2261 3923 constitutum
2302 3844 2680 3922 oracione
2718 3838 3413 3951 reprehenderunt
3446 3837 3805 3920 modesta
3823 3903 3844 3938 ,

1050 3976 1417 4058 eumdem
1465 3977 2031 4088 redarguentes
2088 3997 2473 4090 tanquam
2528 3981 2769 4058 nimis
2822 3979 3294 4086 precipitem
3342 3977 3427 4055 in
3486 3974 3840 4085 agendis.

1048 4111 1417 4195 Tandem
1470 4133 1740 4195 tamen
1797 4114 2107 4198 vallidis
2162 4115 2534 4223 precibus
2592 4112 2691 4196 de
2744 4115 3186 4196 commissis
3231 4115 3317 4192 in
3348 4113 3841 4221 majestatem

1045 4253 1346 4360 regiam
1377 4253 1688 4332 veniam
1720 4253 2352 4362 impetraverunt
2369 4313 2388 4349 ,
2422 4280 2604 4332 cum
2633 4279 2718 4332 se
2746 4252 3234 4333 correctioni
3266 4252 3485 4358 regie
3519 4251 3839 4359 penitus

1039 4388 1555 4470 submisisset.
1589 4392 2030 4470 Dominum
2059 4408 2324 4471 autem
2356 4388 2765 4470 Oliverum
2782 4446 2811 4488 ,„
2838 4387 3565 4469 conestabularium
3594 4387 3841 4467 Fran-

1037 4528 1156 4607 cie
1173 4587 1194 4624 ,
1226 4529 1367 4640 qui
1390 4556 1475 4608 se
1499 4545 1908 4637 gravatum
1930 4506 2573 4608 intollerabiliter
2595 4544 2676 4607 et
2701 4526 3235 4636 ignominiose
3264 4541 3688 4607 tractatum
3706 4524 3833 4603 in-

1035 4680 1340 4745 stanter
1380 4665 2046 4774 conquerebatur,
2091 4664 2194 4744 ad
2240 4664 2398 4745 hoc
2440 4693 2624 4747 cum
2665 4662 3137 4767 difficultate
3170 4689 3461 4771 magna
3494 4658 3832 4742 induxe-

1034 4818 1273 4881 runt:
1301 4828 1651 4913 quorum
1684 4820 1952 4885 tamen
1988 4802 2476 4883 sentenciam
2515 4804 2603 4882 in
2636 4800 3027 4885 finalibus
3052 4817 3432 4909 sequums
3469 4814 3613 4896 est,
3644 4822 3829 4879 cum
