4666 6014
1211 641 1304 713 80
1710 640 2392 717 CHRONICORUM
2436 645 2788 721 KAROLI
2842 647 3124 723 SEXTI
3173 648 3349 724 LIB.
3404 652 3496 725 11.

1217 824 1252 861 «
1290 820 1391 869 ne
1440 791 1594 871 sibi
1641 791 1903 902 aliqua
1940 813 2209 901 posset
2239 792 2574 875 conflari
2622 801 2921 877 erroris
2965 799 3326 898 infamia,
3370 799 3586 880 diem
3627 799 3860 901 dixit,
3901 803 4000 886 ad

1214 963 1249 999 «
1291 958 1525 1039 quem
1561 957 1742 1007 cum
1775 929 1985 1010 clero
2026 932 2315 1039 prelati
2352 938 2914 1016 convenientes
2933 998 2951 1033 ,
2996 965 3169 1015 cum
3208 938 3664 1046 juramento
3700 943 4005 1020 astricti

1213 1103 1247 1139 «
1286 1065 1384 1146 de
1434 1072 1764 1147 veritate
1818 1068 2152 1154 dicenda
2198 1073 2893 1183 interrogarentur
2932 1105 3171 1186 super
3213 1077 3394 1158 hoc.
3449 1079 3751 1163 Omnes
3800 1110 4002 1161 una-

1208 1238 1243 1274 «
1286 1206 1643 1302 nimiter,
1677 1208 1743 1284 si
1778 1207 1892 1285 sic
1928 1226 2131 1287 esset
2170 1210 2379 1289 sicut
2411 1210 2815 1319 prolatum
2844 1212 3104 1292 fuerat
3143 1241 3287 1323 per
3329 1212 3702 1295 dominos
3742 1214 4002 1300 cardi-

1208 1377 1243 1413 «
1281 1342 1534 1439 nales,
1573 1344 2000 1425 Clementis
2046 1346 2516 1428 electionem
2562 1350 3101 1460 aprobarunt3
3154 1368 3234 1429 et
3272 1380 3372 1431 ex
3403 1370 3596 1432 tunc
3627 1351 4003 1433 dominus

1209 1517 1243 1553 «
1286 1500 1558 1559 noster
1597 1481 2462 1564 electionissconsensiit.
2501 1486 2681 1566 Hiis
2711 1488 3008 1566 etenim
3039 1484 3389 1569 dominis
3427 1487 4000 1589 cardinalibuS‚

1208 1653 1244 1691 (ε
1277 1636 1368 1696 ut
1410 1620 1699 1715 nostiS‚
1742 1620 2254 1700 incumbebat
2288 1620 2650 1729 providis
2674 1640 2753 1702 et
2783 1623 3267 1705 salutaribus
3295 1625 3649 1705 consiliis
3681 1629 3765 1703 in
3790 1627 4000 1707 facto

1206 1790 1241 1829 (ι
1283 1754 1695 1835 electionis
1745 1759 1954 1836 inter
2008 1756 2297 1838 fluctus
2337 1756 2742 1840 discordie
2785 1758 3134 1869 dirigere
3165 1790 3446 1842 navem
3486 1764 3698 1841 Petri
3730 1825 3748 1860 ,
3799 1766 4008 1843 veri-

1207 1930 1241 1965 «
1278 1890 1457 1973 dico
1526 1896 1777 1973 eciam
1835 1896 2297 1975 testimonio
2357 1896 2660 1977 Christi
2737 1899 3121 1978 vicarium
3182 1898 3420 2007 longe
3497 1899 3807 2011 lateque
3855 1929 4002 2009 per

1208 2069 1243 2103 «
1286 2033 1562 2112 orbem
1630 2031 2087 2142 publicare3
2156 2050 2236 2112 et
2297 2061 2476 2113 cum
2544 2051 2813 2114 tantos
2883 2063 3029 2143 per
3100 2053 3378 2115 notam
3459 2037 4012 2148 cujuscunque*

1205 2206 1239 2244 ‹<
1281 2169 1677 2251 mendacii
1718 2199 1857 2250 sue
1889 2169 2164 2250 salutis
2210 2173 2714 2250 immemores
2756 2172 3093 2249 existere
3125 2172 3230 2249 sit
3263 2169 3738 2269 absurdum,
3809 2173 4002 2281 ipsis

1204 2344 1240 2381 <c
1281 2307 1582 2418 absque
1615 2306 2104 2387 hesitacione
2138 2307 2401 2420 aliqua
2444 2304 2941 2387 adheremus.
2977 2342 3015 2380 2>

1313 2447 1386 2523 N
1390 2447 1646 2527 unciis
1671 2448 2194 2555 responsione
2210 2448 2644 2547 contenti&
2671 2472 2827 2556 que
2852 2434 3211 2555 quamvis
3236 2444 3553 2554 placens
3577 2475 3742 2526 non
3771 2467 3998 2545 esset,

1204 2589 1419 2693 ipsos
1448 2604 1714 2664 tamen
1747 2581 1913 2663 dux
1953 2583 2170 2693 apud
2202 2613 2286 2663 se
2312 2584 2586 2663 multis
2619 2600 2895 2691 postea
2924 2583 3145 2663 feriis
3176 2604 3760 2666 commorantes
3790 2605 3997 2668 trac-

1204 2724 1400 2801 tavit
1456 2723 2029 2830 benignissime
2058 2783 2076 2815 ‚
2143 2739 2223 2799 et
2272 2719 2544 2799 multis
2601 2718 2944 2801 donatos
3007 2722 3472 2801 muneribus
3523 2725 3608 2801 in
3664 2750 3860 2801 auro
3919 2743 4002 2804 et

1201 2862 1582 2969 preciosis
1613 2857 2053 2966 lapidibus,
2107 2876 2274 2937 tam
2326 2858 2600 2966 precio
2660 2884 2902 2967 quam
2950 2855 3343 2965 dignitate
3402 2860 3998 2964 incomparabi-

1203 2998 1439 3096 libus,
1472 2995 1785 3104 hylares
1824 2998 2129 3075 remisit
2158 2993 2260 3074 ad
2294 2997 2649 3104 propria.

2160 3285 2829 3368 CAPITULUM
2898 3291 3007 3366 11.

1196 3529 1284 3586 De
1330 3527 1608 3608 regimine
1655 3524 1953 3583 amborum
1994 3524 2095 3604 qui
2133 3544 2194 3582 se
2236 3544 2343 3603 pro
2387 3523 2626 3582 summis
2668 3523 3034 3602 pontificibus
3080 3519 3391 3605 gerebant,
3434 3536 3492 3582 et
3534 3523 3824 3605 quomodo
3869 3521 3990 3584 dux

1306 3631 1737 3713 Andegavensis
1790 3628 2236 3690 Universitatem
2308 3629 2688 3689 Parisiensem
2764 3628 2837 3688 de
2897 3626 3047 3689 sacto
3110 3629 3489 3710 compellebat
3563 3644 3628 3689 ut
3691 3629 3993 3690 adhereret

1308 3738 1596 3798 Clementi
1607 3785 1619 3796 .

1323 3947 1521 4025 Tam
1579 3945 1975 4025 clarorum
2045 3974 2321 4053 regum
2378 3946 2676 4054 legacio
2747 3945 2999 4025 nichil
3059 3944 3420 4027 utilitatis
3474 3942 3785 4038 attulit3
3851 3942 3993 4022 sed

1196 4081 1486 4163 exinde
1514 4101 1818 4194 quanto
1849 4082 2026 4191 plus
2064 4080 2297 4161 divisi
2343 4085 2749 4191 principes
2789 4101 3178 4191 patronos
3208 4080 3364 4162 sibi
3397 4077 3729 4159 dilectos
3759 4098 3992 4187 grato

1194 4220 1780 4300 venerabantur
1813 4238 2137 4327 aspectu
2160 4221 2218 4315 ¹,
2250 4220 2338 4297 in
2371 4221 2484 4299 eis
2517 4220 2696 4328 plus
2715 4220 3219 4299 excrescebat
3244 4216 3618 4325 superbia
3652 4233 3732 4294 et
3761 4217 3992 4325 perti·

1196 4359 1421 4437 nacia
1462 4355 1971 4454 dominandi,
2005 4355 2197 4436 dum
2228 4385 2436 4436 unus
2488 4356 3024 4453 Alemaniam,
3057 4355 3546 4462 Hungariam
3567 4415 3585 4450 ‚
3618 4352 3989 4460 Angliam

1193 4513 1273 4574 et
1314 4495 1798 4605 Hyspaniam
1834 4493 1989 4574 sibi
2017 4490 2380 4574 subditas
2419 4507 2778 4572 cerneret
2802 4552 2821 4588 ‚
2866 4490 3062 4569 alter
3098 4492 3185 4574 in
3229 4488 3487 4569 Gallie
3529 4485 3985 4567 dulcissimo

1190 4636 1375 4711 sinu
1401 4630 1829 4728 foveretur,
1864 4628 2256 4709 ditaretur
2287 4648 2368 4707 et
2396 4630 2567 4740 ejus
2611 4613 3209 4709 deffenderetur
3240 4627 3572 4708 viribus.
3607 4625 3989 4734 Quamvis

1267 4871 1281 4893 ⁸
1327 4862 1464 4919 Var.
1497 4887 1510 4914 .-
1540 4872 1601 4916 n⁰
1626 4859 1798 4935 5960,
1820 4859 1918 4916 fol.
1939 4855 2010 4916 36
2035 4873 2102 4929 r.,‘
2127 4857 2363 4935 afficta.
