4666 6014
1020 654 1164 726 364
1498 647 2179 723 CHRONICORUM
2221 647 2575 720 KAROLI
2628 644 2911 717 SEXTI
2961 646 3136 717 LIB.
3193 643 3319 720 VL·

1022 836 1058 874 «
1099 829 1196 880 ex
1238 826 1518 907 aspero
1561 800 1907 877 votivam
1943 798 2611 907 transquilitatem
2669 796 3170 901 navigacioni
3212 812 3482 904 aptam
3515 793 3753 873 offert
3781 855 3799 890 ,

1022 971 1060 1009 «
1099 954 1190 1016 ut
1239 934 1562 1032 videtis3
1618 954 1891 1014 assunt
1949 954 2028 1014 et
2082 937 2377 1043 navigii
2441 952 2785 1013 rectores
2848 929 3234 1039 expediti,
3295 934 3435 1042 qui
3491 930 3795 1009 clavum

1024 1109 1059 1146 «
1105 1100 1373 1180 regere
1410 1090 1752 1169 norunt,
1782 1071 1952 1150 vela
1987 1071 2301 1151 flectere
2322 1135 2342 1171 ,
2387 1070 2756 1180 scopulos
2786 1068 3182 1149 declinare
3203 1131 3220 1165 ,
3263 1070 3789 1179 remigesque,

1026 1246 1061 1284 «
1103 1211 1168 1288 si
1210 1211 1672 1316 contigerit,
1712 1207 2150 1308 moderari,
2178 1213 2316 1321 qui
2359 1239 2525 1289 non
2560 1226 2869 1288 cessant
2898 1234 3112 1286 nunc
3148 1234 3594 1313 congruum
3628 1234 3807 1313 per-

1026 1383 1061 1421 «
1104 1344 1434 1426 suadere
1481 1347 1927 1425 transitum.
1981 1345 2201 1448 Quid
2251 1362 2496 1426 restat
2533 1345 2776 1454 ergo?
2821 1345 3126 1443 Insere,
3182 1372 3321 1424 vos
3373 1341 3581 1421 facta
3633 1371 3801 1419 mea

1028 1520 1064 1557 «
1107 1512 1275 1563 non
1328 1481 1576 1580 dicta,
1625 1483 1955 1581 militeS‚
2019 1486 2241 1595 sequi
2296 1483 2515 1582 volo,
2580 1510 2725 1562 nec
2787 1481 3291 1591 disciplinam
3354 1475 3593 1559 modo
3667 1478 3805 1558 sed

1033 1657 1069 1694 (ι
1112 1621 1556 1730 exemplum
1585 1623 1833 1700 eciam
1873 1650 1916 1699 a
1951 1650 2077 1700 me
2120 1639 2412 1731 petere.
2451 1656 2488 1694 >›

1143 1759 1244 1836 Et
1286 1757 1431 1836 hec
1464 1757 1735 1837 dicens
1756 1820 1774 1855 ,
1811 1757 2147 1837 festinus
2181 1761 2266 1836 in
2315 1760 2577 1837 navim
2613 1758 2931 1855 insiliit,
2964 1785 3300 1868 eumque
3333 1757 3571 1835 ceteri
3619 1772 3809 1835 sunt

1029 1896 1324 2007 sequti3
1378 1896 1680 2006 sicque,
1737 1892 2009 1973 triduo
2065 1925 2232 1974 non
2293 1914 2611 1993 exacte,
2663 1898 2872 1973 circa
2919 1895 3208 1974 festum
3255 1911 3523 1972 sancte
3575 1892 3804 1970 Cate-

1031 2034 1236 2129 rine,
1283 2029 1702 2140 principali
1746 2033 2020 2138 portui
2063 2031 2335 2112 Scocie
2383 2034 2982 2141 applicuerunt,
3025 2034 3163 2143 qui
3210 2032 3481 2139 lingua
3518 2023 3811 2108 scotica
3924 2133 3930 2138 ι

1031 2168 1538 2247 Edembourc
1567 2187 2101 2277 nuncupatur.
2138 2172 2247 2248 Ut
2266 2232 2284 2267 ,
2327 2171 2633 2250 cunctis
2671 2168 2991 2278 dempta
3022 2198 3162 2278 spe
3194 2169 3412 2277 fuge,
3440 2166 3811 2276 deinceps

1034 2307 1118 2384 in
1165 2331 1486 2385 omnem
1536 2303 1923 2384 auderent
1965 2306 2261 2413 jactare
2299 2306 2581 2406 aleam,
2623 2305 2994 2386 faciendo
3035 2304 3133 2385 de
3164 2306 3622 2385 necessitate
3652 2306 3808 2383 vir-

1033 2462 1317 2540 tutem,
1352 2445 1655 2522 remisit
1690 2445 2128 2550 navigium,
2167 2447 2250 2523 in
2281 2474 2443 2553 quo
2466 2442 2839 2524 mittendi
2873 2442 2975 2522 ad
3006 2473 3184 2523 eum
3221 2443 3505 2523 milites
3539 2461 3617 2521 et
3648 2471 3818 2521 scu-

1035 2581 1248 2659 tiferi
1319 2598 1933 2678 transmearent3
2003 2582 2296 2692 quibus
2356 2585 2600 2662 eciam
2666 2581 3111 2663 rescribens
3166 2579 3817 2662 infecunditatem

1038 2716 1353 2816 Scocie,
1397 2745 1636 2828 quam
1683 2716 1936 2796 solum
1978 2717 2169 2798 feris
2211 2720 2910 2801 recommendabat
2951 2750 3041 2800 ac
3077 2721 3541 2799 nemoribus
3585 2748 3817 2797 mon·-

1039 2856 1329 2952 tuosiS,
1374 2855 1874 2963 supplicabat
1912 2873 2004 2934 ut
2063 2858 2229 2965 regi
2270 2857 2840 2965 persuaderent
2895 2856 3114 2970 quod
3157 2859 3573 2965 negocium
3621 2853 3811 2934 deli-

1044 2990 1466 3069 beracione
1506 2989 1738 3070 celeri
1786 2989 2221 3101 indigebat.
2281 2993 2480 3074 Inde
2509 2994 2780 3075 Scocie
2812 3025 3079 3105 regem
3109 2993 3384 3075 adiens
3406 3059 3424 3094 ,
3464 3014 3645 3104 post
3683 2993 3814 3073 de-

1041 3155 1379 3236 pensum
1420 3127 1777 3206 debitum
1829 3130 2338 3210 salutacionis
2392 3132 2756 3229 affatum,
2792 3162 2971 3211 cum
3029 3131 3127 3211 de
3182 3134 3563 3240 sospitate
3614 3134 3818 3239 regis

1045 3266 1375 3343 Francie
1407 3284 1486 3343 et
1518 3294 1846 3344 suorum
1888 3266 2311 3347 illustrium
2344 3268 2882 3377 respondisset
2902 3332 2920 3369 ,
2961 3270 3169 3348 facta
3207 3267 3528 3348 dicendi
3562 3270 3823 3376 gracia

1043 3400 1262 3514 quod
1298 3402 1682 3512 placeret:
1712 3438 1749 3476 ‹<
1775 3405 2106 3501 Franci,
2141 3407 2438 3517 inquit,
2473 3437 2674 3520 quos
2711 3409 3021 3488 nunciis
3050 3424 3130 3485 et
3164 3405 3522 3514 apicibus
3563 3434 3820 3515 nuper

1046 3573 1082 3611 «
1125 3542 1537 3635 evocastiS,
1592 3536 1987 3619 mandatis
2028 3543 2309 3622 vestris
2355 3563 2724 3651 parentes
2771 3541 3300 3640 advenerunt,
3359 3561 3824 3651 promptum

1048 3710 1084 3749 «
1122 3693 1201 3754 et
1276 3675 1839 3786 obsequiosum
1889 3677 2356 3759 famulatum
2413 3681 2626 3788 regie
2674 3683 3065 3792 majestati
3120 3684 3366 3760 eciam
3417 3709 3664 3791 usque
3722 3679 3820 3760 ad

1049 3847 1084 3885 «
1123 3829 1462 3890 mortem
1489 3810 1915 3891 offerentes
1935 3875 1953 3910 ,
1986 3813 2206 3923 quod
2230 3833 2310 3893 et
2337 3834 2618 3896 contra
2637 3817 2938 3897 emulos
2969 3820 3196 3925 regni
3226 3818 3465 3896 vestri
3491 3818 3826 3923 cupiunt

1051 3983 1086 4020 «ε
1127 3950 1500 4056 experiri.
1533 3950 1636 4028 Et
1662 3952 1848 4060 quia
1875 3953 2130 4030 mutui
2151 3949 2443 4031 federis
2477 3951 2895 4033 inducialis
2923 3957 3186 4033 sciunt
3211 3954 3641 4032 terminum
3659 3955 3829 4063 jam

1055 4121 1090 4159 «
1131 4103 1491 4165 exactum
1520 4147 1538 4183 ,
1582 4104 1884 4165 attente
1934 4086 2392 4195 supplicant
2447 4119 2550 4170 ne
2595 4093 2873 4172 sinatis
2918 4092 3122 4169 vires
3171 4119 3452 4169 eorum
3498 4091 3675 4169 ocio
3710 4090 3829 4169 vel

1057 4258 1094 4296 «
1136 4225 1650 4302 cunctacione
1676 4251 2151 4303 marcescere
2170 4288 2187 4323 ‚
2219 4224 2356 4306 sed
2384 4256 2561 4308 cum
2588 4231 2751 4339 jam
2779 4231 3060 4309 vestris
3085 4225 3550 4308 coadunatis
3575 4230 3828 4338 copiis

1055 4397 1090 4434 «
1135 4363 1219 4439 in
1273 4360 1767 4440 adversarios
1837 4360 2235 4443 hostiliter
2301 4363 2772 4463 debachari,
2846 4368 3100 4444 sacius
3159 4364 3606 4475 judicantes
3668 4366 3829 4443 cito

1054 4534 1088 4571 «
1132 4527 1312 4577 cum
1352 4499 1500 4577 hac
1547 4499 1938 4607 paucitate
1987 4530 2219 4612 quam
2275 4501 2502 4583 tarde
2536 4533 2716 4584 cum
2750 4501 3273 4619 'multitudine
3325 4499 3649 4611 aggredi
3693 4529 3834 4579 ne-

1055 4671 1090 4708 «
1133 4638 1472 4743 gocium.
1512 4671 1549 4709 >›

1161 4773 1644 4883 Quanquam
1714 4776 1798 4854 in
1861 4776 2070 4856 hanc
2129 4784 2614 4861 sentenciam
2686 4785 2896 4862 irent
2963 4780 3270 4861 nobiles
3330 4780 3778 4860 assistentes
3808 4840 3829 4876 ,
