4666 6014
1079 669 1224 742 396
1554 663 2241 738 CHRONlcoRUM
2290 646 2648 739 KA‘Rom
2692 662 2983 746 812:le
3031 663 3208 735 Lm.
3264 662 3392 737 vl.

1084 816 1453 923 cognitis.
1495 815 1708 893 Nam
1748 842 1905 925 que
1935 841 2032 893 ex
2073 814 2331 894 libero
2370 814 2711 895 arbitrio
2753 810 3228 923 procedunt,
3267 812 3694 924 proprium
3718 810 3868 887 Dei

1081 955 1283 1031 scire
1311 969 1463 1049 est,
1499 952 1642 1061 qui
1680 951 1895 1031 solus
1928 953 2012 1029 in
2054 980 2195 1031 sua
2234 955 2654 1032 eternitate
2686 980 2775 1031 ea
2813 950 3037 1062 quasi
3070 951 3477 1059 presencia
3515 946 3755 1027 videt.

1196 1090 1374 1168 Hiis
1404 1107 1672 1168 tamen
1704 1116 1872 1167 non
1905 1089 2451 1187 obstantibus,
2482 1089 2786 1169 factum
2816 1085 3222 1168 Guidonis
3240 1085 3679 1194 regendum
3702 1116 3869 1166 sus·

1082 1226 1465 1336 cipientes
1512 1224 1803 1334 prefati
1855 1225 2276 1335 astrologi,
2323 1256 2547 1306 arma
2580 1227 2749 1337 ejus
2791 1227 3141 1304 invasiva
3168 1286 3188 1319 ‚
3232 1252 3323 1303 ac
3358 1225 3425 1302 si
3466 1252 3560 1302 ex
3596 1224 3870 1331 plane·-

1083 1373 1348 1442 tarum
1379 1392 1614 1443 cursu
1641 1365 2019 1442 virtutem
2042 1381 2450 1443 sumerent
2468 1426 2487 1461 ,
2522 1365 2757 1443 certis
2788 1362 3011 1442 horis
3042 1390 3134 1441 ac
3162 1363 3590 1442 momentis
3617 1360 3871 1442 fabri-

1084 1502 1248 1581 cari
1289 1501 1698 1610 jusserunt
1725 1562 1744 1600 ,
1781 1498 2044 1612 deque
2082 1499 2320 1580 duelli
2361 1503 2583 1581 exitu
2625 1502 2793 1609 regi
2836 1517 2917 1579 et
2953 1501 3479 1609 optimatibus
3511 1476 3877 1609 predixe-

1087 1653 1315 1717 runt:
1342 1671 1380 1711 r<
1414 1638 1590 1718 Erit
1617 1636 1878 1718 lucida
1897 1636 2067 1718 dies
2098 1667 2369 1749 pugne
2399 1657 2478 1718 et
2511 1634 2740 1719 cadet
2768 1637 3024 1718 hostis
3049 1635 3478 1717 Guidonis.
3496 1671 3535 1710 a>
3560 1638 3684 1716 Ex
3712 1665 3879 1748 quo

1089 1774 1334 1853 verbo
1364 1775 1553 1853 facti
1586 1792 1776 1854 sunt
1808 1776 1919 1854 eis
1952 1775 2473 1883 postmodum
2503 1804 2649 1855 nec
2682 1778 3084 1855 immerito
3121 1776 3208 1854 in
3253 1772 3630 1854 derisum.
3677 1775 3877 1855 Nam

1088 1939 1306 2009 sane,
1337 1909 1466 1991 die
1495 1911 1801 2020 prefixa
1821 1973 1841 2010 ,
1871 1914 2130 1992 tocius
2157 1912 2325 2022 poli
2358 1913 2597 1993 facies
2630 1914 3150 2012 obscuratum
3178 1912 3462 2021 ymber
3489 1910 3882 2021 prodigus

1088 2066 1383 2127 terram
1413 2048 1652 2129 solito
1668 2048 2280 2131 habundancius
2302 2067 2383 2130 et
2410 2054 2892 2131 incessanter
2908 2049 3353 2130 madefacit.
3373 2050 3669 2129 Iterum
3697 2078 3880 2130 cum

1089 2187 1449 2294 agoniste
1481 2186 1746 2266 locum
1776 2187 2052 2268 futuro
2096 2190 2513 2276 ‘certamini
2557 2186 3030 2299 deputatum
3057 2189 3286 2299 juxta
3322 2215 3592 2266 muros
3626 2191 3879 2266 sancti

1087 2322 1418 2403 Martini
1451 2321 1550 2403 de
1603 2324 1926 2434 Campis
1968 2327 2409 2407 intromissi
2451 2325 2834 2426 fuissent,
2889 2345 2968 2406 et
3018 2323 3627 2405 innumerabilis
3666 2323 3881 2431 vulgi

1090 2490 1392 2541 corona
1469 2463 2015 2543 circumstaret
2036 2526 2055 2561 ,
2128 2465 2341 2573 regis
2403 2483 2484 2544 et
2542 2465 3005 2574 principum
3064 2464 3506 2543 astancium
3577 2459 3883 2540 sideree

1090 2600 1294 2678 vires
1334 2627 1500 2678 non
1540 2600 1991 2679 voluntates
2042 2601 2535 2709 ligaverunt,
2593 2602 2793 2713 quin
2846 2629 3077 2700 mox,
3133 2619 3223 2681 ut
3281 2599 3519 2680 ambo
3574 2599 3879 2678 lanceas

1091 2735 1618 2835 demiserunt,
1649 2737 1984 2818 ulterius
2017 2737 2398 2846 progredi
2429 2738 2985 2848 prohiberent.
3620 2835 3621 2838 Ἴ

1205 2871 1675 2954 Mandatum
1721 2876 2027 2982 regium
2077 2878 2306 2956 scivit
2365 2878 2645 2956 Petrus
2686 2876 2960 2956 favore
3011 2877 3136 2954 sui
3179 2876 3511 2954 minime
3558 2903 3878 2983 proces-

1096 3012 1327 3105 sisse3
1355 3012 1667 3122 sicque,
1709 3015 2093 3120 preciosis
2128 3012 2474 3095 donatus
2506 3016 2858 3095 enceniis
2885 3078 2903 3112 ,
2938 3015 3105 3122 regi
3139 3011 3583 3093 valedicens
3607 3076 3626 3111 ,
3669 3031 3749 3093 et
3780 3012 3881 3092 ad
3912 3042 3919 3049 ·

1096 3145 1581 3226 visitandum
1621 3151 2108 3228 comitissam
2141 3148 2240 3229 de
2273 3168 2550 3230 sancto
2593 3149 2835 3229 Paulo
2856 3212 2875 3248 ,
2909 3177 3272 3230 sororem
3319 3150 3528 3256 regis
3557 3147 3841 3257 Anglie
3862 3212 3880 3244 ,

1093 3314 1247 3396 que
1291 3287 1375 3365 in
1408 3286 1767 3367 Picardia
1807 3285 2185 3397 degebat,
2246 3289 2628 3371 accedens
2649 3353 2668 3388 ,
2718 3319 2802 3371 se
2833 3288 3212 3401 jactando
3241 3288 3538 3397 pluries
3566 3290 3885 3399 publice

1094 3421 1301 3502 dixit
1354 3425 1688 3504 militem
1736 3454 1904 3505 non
1959 3429 2345 3536 reperisse
2393 3430 2478 3507 in
2526 3428 2904 3526 Francia,
2938 3429 3080 3538 qui
3133 3455 3316 3506 cum
3348 3455 3442 3504 eo
3499 3421 3882 3534 congredi

1093 3589 1329 3640 ausus
1359 3580 1583 3642 esset.
1618 3560 1746 3643 Ad
1767 3566 2162 3674 injuriam
2193 3568 2740 3645 assistencium
2770 3565 3267 3645 Gallicorum
3298 3562 3536 3644 verba
3565 3563 3699 3642 illa
3726 3582 3884 3642 tra-

1093 3697 1536 3798 hebantur;
1570 3698 1674 3780 ad
1706 3729 1943 3811 quam
1978 3705 2200 3782 ocius
2228 3701 2795 3782 vindicandam
2815 3762 2834 3793 ,
2873 3705 3267 3809 permissu
3295 3700 3599 3812 prefate
3631 3703 3881 3780 'comi-

1096 3837 1322 3934 tisse,
1402 3835 1781 3948 dominus
1871 3837 1973 3918 de
2056 3840 2451 3937 CleriacO,
2517 3837 2903 3920 Picardus
2985 3839 3245 3937 mileS,
3328 3840 3883 3946 magnanimus

1093 3976 1453 4083 quamvis
1492 3992 1794 4055 statura
1845 3976 2173 4083 pusillus
2193 4038 2211 4073 ,
2272 3995 2649 4085 prompte
2690 4004 2781 4056 se
2807 3976 3103 4056 obtulit
3124 4037 3143 4075 ,
3185 3976 3474 4088 dieque
3517 3979 3881 4087 sequenti

1097 4109 1405 4191 infestis
1449 4111 1912 4220 cuspidibus
1957 4131 2037 4192 et
2091 4116 2451 4221 repetitis
2498 4113 2807 4194 vicibus
2850 4115 2935 4192 in
2975 4096 3287 4192 hostem
3317 4115 3669 4208 irruens,
3705 4130 3883 4191 tan-

1093 4246 1279 4327 dem
1309 4276 1493 4350 eum
1522 4249 1699 4329 loco
1734 4247 2013 4331 cedere
2053 4252 2442 4361 compulit
2475 4253 2822 4362 graviter
2861 4252 3381 4333 vulneratum.
3440 4252 3572 4332 Sic
3594 4270 3880 4332 tamen

1097 4384 1198 4466 ad
1233 4384 1550 4468 laudem
1568 4390 1797 4496 regni
1811 4390 2117 4469 viribus
2147 4389 2566 4471 humiliata
2593 4388 3009 4498 anglicana
3026 4391 3662 4501 presumpcione,
3694 4386 3884 4467 inde

1094 4553 1141 4601 a
1174 4524 1375 4604 duce
1403 4524 1870 4633 Burgundie
1893 4531 2289 4634 premium
2317 4553 2488 4609 non
2521 4529 3002 4636 reportavit,
3043 4527 3182 4609 sed
3220 4529 3561 4611 incurrit
3608 4523 3882 4604 odium

1100 4661 1626 4769 inexpiabile,
1657 4660 1970 4742 dicente
1993 4661 2079 4741 id
2119 4668 2555 4771 punicione
2588 4664 2958 4776 dignum,
2994 4694 3174 4746 cum
3202 4667 3372 4745 sine
3415 4664 3884 4745 auctoritate

1094 4799 1532 4905 superioris
1548 4801 2179 4910 presumpsisset.
2199 4802 3012 4913 Quapropter,multo
3024 4821 3387 4909 tempore
3399 4802 3624 4913 quasi
3639 4824 3882 4906 vagus
