4666 6014
1080 691 1221 759 218
1550 621 2231 753 CHRONIGORUM
2282 651 2640 752 ΚΑιιοιι
2690 679 2975 754 sssx‘n
3024 681 3202 753 Lm.
3252 679 3403 756 tn:-

1084 852 1165 915 et
1206 835 1558 912 Francos
1587 855 1732 940 per
1763 857 2081 941 passum
2123 848 2205 910 et
2233 828 2659 910 dimidium
2698 828 3201 911 retrocedere
3242 829 3637 912 fecerunt.
3670 831 3880 914 Sane

1087 997 1517 1082 operosum
1543 988 1714 1052 erat
1751 995 2083 1086 parvam
2111 993 2441 1048 manum
2460 970 2874 1088 ,·quamvis
2914 968 3417 1077 experiencia
3451 981 3532 1047 et
3568 995 3716 1049 usu
3749 999 3881 1049 ar·-

1087 1125 1405 1188 mdrum
1435 1107 1672 1216 longe
1708 1105 2204 1206 dissimilem,
2241 1124 2525 1187 contra
2554 1096 3176 1187 innumerabiles
3209 1103 3352 1187 diu
3383 1123 3634 1204 stare3
3665 1106 3883 1187 unde

1088 1247 1228 1358 qui
1277 1245 1855 1346 interfuerunt,
1909 1241 2381 1358 aliquandiu
2422 1245 2508 1325 in
2566 1246 2939 1354 ambigua
2989 1273 3129 1355 spe
3179 1271 3534 1354 pugnam
3580 1248 3882 1326 stetisse

1091 1384 1500 1483 referunt,
1545 1385 2040 1495 propiusque
2083 1401 2443 1462 extremo
2490 1383 2871 1491 periculo-
2900 1412 3068 1463 rem
3109 1381 3350 1482 fuisse
3382 1445 3407 1482 ,x
3450 1379 3608 1462 nisi
3668 1381 3881 1462 diffi-

1093 1522 1465 1602 cultatem
1494 1551 1622 1600 ars
1653 1539 1733 1600 et
1770 1520 2071 1600 cautela
2094 1497 2357 1631 taliter
2389 1539 2921 1640 superassent.
2983 1546 2986 1550 ’

1205 1661 1556 1770 qudam
1586 1664 1802 1744 enim
1835 1664 1921 1751 in
1957 1643 2106 1742 hal:
2147 1663 2311 1754 acie
2341 1663 2812 1771 persistens,
2847 1660 3074 1771 cujus
3106 1649 3531 1772 hucusque
3557 1689 3889 1760 nomen,

1094 1828 1184 1879 ac
1222 1801 1291 1879 si
1322 1799 1597 1878 celitus
1622 1796 2158 1879 descendisset
2173 1791 2208 1896 ','
2229 1815 2501 1877 manet
2524 1800 3066 1905 incognitum,
3102 1800 3355 1878 aciem
3373 1795 3655 1878 videns
3678 1799 3894 1877 n'mi-

1095 1936 1246 2015 lem
1281 1935 1724 2034 fluctuanti,
1762 1961 1944 2015 cum
1974 1952 2168 2014 voce
2206 1959 2496 2044 magna
2528 1935 2939 2030 clamasset
2974 1963 2993 2013 t
3040 1969 3078 2009 (ε
3110 1934 3586 2015 Fidelissimi
3620 1934 3879 2032 amici,

1099 2107 1135 2145 ι(
1172 2101 1388 2152 nunc
1430 2073 1677 2180 agatis
1720 2072 2094 2172 viriliter,
2139 2074 2329 2183 quia
2374 2057 2653 2151 rustici
2690 2091 2912 2179 terga
2953 2088 3311 2171 vertunt,
3347 2105 3386 2147 1>
3427 2089 3507 2152 et
3548 2068 3652 2151 ad
3691 2071 3895 2180 aspi-

1094 2208 1464 2289 ciendum
1506 2227 1724 2290 retro
1765 2209 1903 2322 qui
1948 2209 2033 2317 in
2078 2210 2438 2289 hostium
2486 2208 2961 2319 pugnabant
3002 2213 3265 2322 prima
3308 2210 3618 2308 fronte,
3670 2206 3891 2304 &to

1097 2348 1341 2426 cicius
1373 2364 1621 2426 status
1653 2375 1923 2456 pugne
1957 2347 2465 2445 immutatur,
2500 2365 2580 2426 et
2602 2346 3188 2430 denuu'Franci
3223 2345 3589 2426 stabilius
3614 2343 3896 2455 pedem

1099 2484 1397 2593 figunt,
1458 2484 1560 2564 ad
1621 2482 2227 2593 impellendum,
2292 2503 2387 2565 ut
2443 2487 2668 2594 prius
2694 2547 2713 2584 ,
2772 2487 2979 2564 vires
3032 2487 3326 2564 iterum
3387 2501 3895 2565 resumentes.

1101 2622 1439 2730 Insuper
1486 2623 1628 2731 qui
1681 2638 2026 2731 utroque
2074 2649 2331 2702 cornu
2388 2640 2619 2702 erant
2643 2684 2662 2721 ,
2708 2618 3351 2703 suum'ordinem
3411 2620 3897 2717 deserenteS,

1103 2789 1193 2839 ac
1245 2762 1496 2838 eciam
1545 2758 2142 2867 manipulorum
2205 2757 2572 2869 peditum
2624 2763 2742 2841 vis
2782 2763 3188 2842 .immensa
3254 2783 3440 2838 cum
3484 2757 3902 2840 velocitate

1101 2887 1559 2994 accurrens,
1603 2897 1690 2974 in
1729 2925 1864 2975 eos
1901 2889 2396 2996 inferuntur,
2438 2916 2521 2977 et
2552 2887 2731 2979 cum
2751 2871 3503 2978 'lacertis'bectoreis
3537 2923 3583 2974 a
3623 2894 3792 2975 leva
3825 2913 3904 2974 et

1071 3096 1080 3107 .
1105 3063 1149 3113 a
1189 3028 1470 3113 dextra
1500 3035 1701 3117 ictus
1734 3034 2024 3118 ictibus
2053 3031 2437 3114 addentes
2462 3053 2542 3114 et
2569 3037 2947 3143 precipue
2978 3035 3513 3144 impingentes
3551 3032 3697 3113 ubi
3732 3060 3904 3112 cer-

1089 3176 1411 3255 ·nebant
1437 3205 1715 3256 eorum
1749 3193 2073 3284 guttura
2116 3174 2453 3276 nudata3
2489 3204 2997 3288 quocumque
3017 3203 3108 3254 ·se
3150 3173 3696 3272 divertebant,
3732 3202 3921 3252 non-

1107 3312 1325 3392 haud
1382 3342 1601 3394 secus
1656 3336 1900 3425 quam
1959 3315 2340 3424 pestifero
2401 3313 2683 3424 sydere
2745 3315 2923 3412 icti,
2990 3311 3420 3392 adversarii
3482 3311 3900 3419 pavebant.

1111 3451 1499 3531 Cunctis
1481 3481 1565 3530 ιιι
1596 3452 1792 3531 locis
1823 3479 1982 3590 per.
2012 3454 2436 3533 circuitum
2478 3449 2707 3533 cedes
2743 3450 2890 3550 fit;·-
2934 3451 3237 3560 ubique
3290 3448 3648 3527 rubricat
3681 3446 3910 3524 tellus

1110 3576 1376 3670 multo
1422 3586 1799 3715 distincta
1850 3580 2180 3691 cruore,
2234 3590 2582 3704 indeque
2637 3591 2731 3672 fit
2777 3608 2870 3671 ut
2931 3591 3077 3723 qui
3104 3588 3463 3696 agminis
3519 3572 3906 3663 tenebant

1113 3725 1510 3825 medium,
1557 3710 1821 3807 nimia
1882 3731 2479 3839 constipacione
2551 3731 2862 3809 astricti
2938 3729 3509 3833 extinguntur,
3573 3728 3654 3800 et
3714 3749 3906 3800 mox

1116 3863 1306 3943 dum
1340 3894 1560 3943 unus·
1592 3878 1834 3974 super
1880 3866 2219 3947 alterurn
2271 3871 2469 3965 ruit,
2516 3867 2871 3977 alterque
2907 3862 3337 3974 perducms
3384 3859 3487 3939 ad
3526 3861 3687 3938 vite
3721 3857 3907 3937 ulti-

1117 4030 1337 4080 mum
1365 4027 1603 4111 super
1633 4018 1935 4083 ceteros
1968 4005 2304 4103 insistit,
2350 4001 2821 4084 cadaverum
2858 3999 2961 4081 ad
2991 3997 3491 4080 altitudinem
3527 3997 3792 4075 lancee
3823 3996 3908 4073 in

1118 4137 1322 4218 locis'
1353 4138 1720 4248 plurimis
1759 4138 1852 4225 fit
1891 4170 2241 4220 acervus.

1237 4294 1389 4372 Res
1423 4293 1571 4373 su'b
1620 4296 1827 4403 regis
1867 4286 2587 4403 oculis-gerebamr
2609 4357 2627 4392 ,
2671 4288 2930 4389 unde,
2972 4308 3063 4369 ut
3085 4292 3269 4400 jam
3296 4304 3466 4367 erat
3504 4284 3713 4366 fame
3751 4303 3913 4364 stu-

1125 4427 1432 4529 diosus,
1493 4460 1594 4511 ne
1636 4435 1758 4511 sui
1810 4433 2453 4542 periclitarentur
2509 4448 2646 4510 aut
2690 4431 2858 4538 ipse
2904 4429 3422 4508 cunctacione
3464 4408 3908 4520 vilesceret,

1125 4570 1454 4651 ver-bum
1489 4568 1589 4652 de
1623 4572 2277 4679 magnanimitate
2321 4567 2768 4680 procedens
2807 4568 3104 4676 pluries
3150 4564 3557 4675 repetebat
3598 4591 3614 4637 ε
3661 4594 3697 4633 c<
3747 4559 3911 4639 Cur

1128 4743 1164 4781 «
1208 4736 1376 4789 non
1428 4711 1961 4789 succurrimus
2014 4710 2349 4809 nostris,
2410 4710 2551 4821 qui
2608 4736 2761 4816 pro
2817 4707 3056 4787 nobis
3107 4706 3392 4784 mortis
3449 4697 3913 4779 discrimina

1130 4877 1168 4917 κ
1201 4870 1376 4925 -non
1411 4860 1778 4928 recusant
1817 4864 1897 4927 et
1938 4832 2274 4956 gloriam
2308 4864 2668 4928 nostram
2712 4874 2853 4927 sue
2887 4843 3305 4953 prefer-unt
3348 4833 3633 4917 saluti?
3676 4866 3713 4907 2>
3754 4829 3914 4910 Sed
