4666 6014
1190 664 1740 760 CHRONIQUE
1793 668 1921 739 DE
1972 665 2407 739 CHARLES
2454 667 2580 740 v1.
2614 710 2715 725 --
2747 668 2943 740 mn
2983 666 3118 739 x1.
3400 670 3530 743 ssa

729 814 1008 911 Percy,
1029 812 1209 885 Jean
1243 811 1332 884 de
1354 812 1739 886 Courtenai
1756 868 1778 903 ,
1809 811 2088 887 Robert
2118 811 2208 886 de
2238 813 2573 887 Britenac
2594 869 2617 904 ‚
2655 811 3001 886 Herbelin
3045 809 3294 900 Alam,
3331 813 3539 886 Tho-

763 932 985 1005 melin
1022 930 1110 1004 de
1136 932 1520 1008 Fanteston
1544 988 1567 1024 ,
1608 933 1783 1007 Jean
1817 937 1906 1014 de
1931 936 2382 1034 Harrington
2398 990 2422 1024 ,
2458 936 2632 1009 Jean
2665 935 2755 1007 de
2777 935 3148 1023 Beausort‚
3172 931 3428 1006 batard
3458 932 3547 1009 de

764 1053 1169 1141 Lancaster‚
1210 1050 1523 1127 Thomas
1553 1053 1642 1127 de
1682 1055 2103 1129 Souvisorde
2141 1073 2212 1129 et
2251 1054 2528 1129 Robert
2575 1056 2664 1129 de
2705 1055 3089 1128 Cart-ieres.
3123 1055 3251 1128 Ces
3292 1056 3541 1127 etran-

762 1198 922 1271 gers
952 1176 1199 1248 furent
1233 1200 1591 1250 reconnus
1626 1202 1906 1250 comme
1944 1178 2042 1249 les
2066 1178 2228 1275 plus
2260 1174 2514 1250 braves
2546 1175 2634 1249 de
2667 1193 2831 1249 tous
2860 1176 2959 1249 les
2999 1175 3411 1248 assaillants.

859 1782 1018 1858 Une
1040 1800 1242 1857 autre
1267 1787 1474 1882 joute
1503 1801 1624 1858 eut
1662 1786 1806 1859 lieu
1831 1788 2129 1859 ensuite.
2158 1785 2276 1858 En
2299 1784 2652 1858 l’absence
2680 1783 2770 1857 de
2792 1779 3081 1858 messi're
3110 1787 3201 1859 (18
3222 1786 3534 1884 Saimpy,

760 1926 864 1974 ses
904 1901 1088 1975 deux
1129 1904 1348 1977 freres
1398 1904 1702 1978 d'armes
1733 1907 2171 2006 signalerent
2205 1907 2361 1979 leur
2395 1906 2743 1979 vaillance
2787 1924 3041 1979 contre
3084 1907 3372 1982 messire
3403 1906 3539 1979 Ri-
3612 1959 3621 1968 -

762 2021 980 2095 chard
1031 2023 1496 2123 Daldeberry,
1550 2026 1795 2104 Pierre
1841 2029 2260 2127 Bocqueton
2284 2081 2304 2115 ,
2362 2026 2768 2108 Guillaume
2824 2026 3130 2100 Mouton
3146 2083 3169 2118 ‚
3219 2029 3396 2100 Jean
3449 2025 3539 2099 (18

761 2142 1277 2233 Chateauneus,
1322 2144 1706 2220 Thomelin
1756 2145 1845 2220 de
1877 2146 2278 2237 Halsidain,
2320 2146 2615 2220 Gautier
2655 2146 2744 2219 de
2788 2147 3048 2237 Blont,
3096 2148 3411 2220 Richard
3446 2148 3534 2220 (18

755 2263 1167 2352 Dancastre,
1217 2265 1393 2337 Jean
1438 2263 1526 2338 de
1578 2265 2280 2357 Chervistennastre,
2330 2251 2580 2340 Simon
2625 2285 2696 2340 et
2747 2266 3026 2341 Robert
3069 2267 3409 2357 Stavelle,
3467 2284 3539 2340 et

757 2383 1161 2458 Guillaume
1196 2387 1749 2488 Hinguelingue.
1786 2390 1977 2461 Dans
2016 2414 2095 2462 ce
2126 2388 2446 2478 combat‚
2498 2389 2793 2464 Renaud
2830 2389 3020 2463 brisa
3057 2408 3310 2494 quatre
3344 2392 3545 2489 epees

759 2522 846 2576 et'
877 2504 1195 2579 desarma
1242 2508 1590 2607 plusieurs
1624 2509 1713 2582 de
1744 2535 1850 2582 ses
1883 2512 2160 2586 rivaux.

852 2876 1044 2949 Dans
1077 2877 1143 2948 13
1175 2874 1504 2949 derniere
1526 2879 1733 2976 jofite
1767 2894 2114 2975 pararent
2149 2880 2442 2951 messire
2471 2879 2854 2952 Thomelin
2887 2879 3159 2952 Breton
3175 2934 3198 2969 ‚
3239 2880 3536 2977 Monte-

758 3012 916 3083 nat‚
949 2994 1333 3069 Thomelin
1372 2995 1461 3069 de
1488 2997 1691 3084 Toti,
1722 2998 1899 3071 Jean
1931 2998 2145 3071 Cusat
2167 3053 2186 3088 ,
2224 2998 2404 3072 Jean
2440 2998 2894 3099 Daligringe‚
2931 2999 3209 3079 Robert
3238 3000 3529 3093 Elemn,

760 3116 1111 3214 capitaine
1142 3116 1230 3189 de
1261 3118 1547 3209 Mamk,
1579 3118 1855 3192 Robert
1893 3119 1982 3192 de
2017 3119 2449 3209 Rochesort,
2491 3120 2807 3195 Richard
2837 3122 2926 3194 de
2962 3122 3283 3216 Sabain,
3327 3122 3535 3198 Tho-

754 3239 975 3310 melin
1008 3239 1300 3338 Dulong
1323 3294 1343 3328 ‚
1383 3238 1694 3312 Richard
1721 3239 1808 3312 de
1832 3240 2231 3340 Rechignes
2263 3258 2337 3313 et
2356 3243 2536 3315 Jean
2570 3240 2658 3315 de
2687 3242 2948 3317 l’Ours.
2987 3245 3120 3316 Les
3150 3244 3534 3321 chevaliers

755 3361 1057 3455 francais
1100 3386 1142 3457 y
1192 3362 1598 3434 sou‘tinrent
1650 3361 1807 3432 leur
1857 3362 2301 3460 reputation‚
2365 3390 2457 3465 au
2495 3365 2871 3463 jugement
2924 3381 2997 3436 et
3039 3364 3127 3437 de
3173 3365 3402 3438 l’aveu
3444 3365 3533 3440 de

758 3492 916 3555 tous
944 3483 1042 3554 les
1080 3482 1462 3554 assistants.
1501 3480 1778 3554 Robert
1812 3481 1899 3554 de
1941 3482 2331 3557 Rochesort
2351 3538 2374 3573 ‚
2423 3485 2626 3558 irrite
2665 3484 2754 3563 de
2795 3511 2873 3558 ce
2913 3487 3233 3576 resultat,
3279 3484 3414 3559 alla
3463 3514 3534 3560 se

755 3601 1081 3698 plaindre
1132 3629 1270 3674 aux
1304 3603 1506 3703 juges
1548 3602 1636 3675 de
1669 3602 1947 3676 n’avoir
1995 3604 2365 3677 combattu
2414 3631 2553 3705 que
2596 3623 2848 3706 quatre
2893 3608 3024 3681 fois
3067 3609 3109 3681 ὲ
3146 3606 3408 3706 Γέρέθ,
3460 3628 3534 3682 et

751 3741 1062 3821 protesta
1106 3741 1360 3799 contre
1405 3725 1472 3798 le
1514 3741 1816 3825 rapport
1864 3724 1984 3798 des
2036 3726 2349 3799 herauts.
2401 3727 2695 3800 Messire
2735 3728 3152 3802 Bouoicault
3166 3786 3188 3820 ‚
3246 3756 3530 3804 remar-

754 3862 981 3942 quant
1025 3871 1154 3918 son
1204 3844 1647 3919 obstination
1671 3900 1694 3936 ,
1745 3863 1818 3919 et
1857 3848 2159 3922 voulant
2199 3874 2272 3921 se
2315 3850 2635 3949 signaler
2680 3877 2813 3948 par
2851 3852 3163 3952 quelque
3202 3879 3534 3952 prouesse

752 3964 1210 4061 particuliere
1229 4021 1252 4055 ,
1288 3967 1548 4040 s’ofl'rit
1585 3969 2077 4043 vaillamment
2116 3970 2158 4043 a
2195 3970 2262 4042 le
2298 3970 2724 4044 combattre.
2755 3971 2817 4044 ll
2850 3997 2941 4045 en
2986 3971 3230 4046 obtint
3261 3975 3326 4046 la
3353 4001 3529 4074 per—

752 4087 1043 4163 mission
1100 4086 1222 4159 (188
1258 4089 1494 4187 juges,
1550 4105 1624 4162 et
1674 4115 1882 4163 mena
1935 4092 1988 4163 si
2034 4089 2419 4165 rudement
2472 4119 2603 4167 son
2653 4093 3089 4184 adversaire,
3151 4122 3292 4201 que
3353 4096 3524 4171 d’un

753 4233 939 4306 coup
984 4206 1228 4307 d’epee
1288 4209 1339 4281 il
1392 4208 1493 4281 lui
1548 4235 1760 4308 perca
1816 4211 1882 4283 le
1942 4211 2265 4285 bouclier
2324 4229 2398 4289 et
2450 4215 2518 4287 18
2572 4213 2738 4288 bras
2758 4270 2782 4305 ,
2847 4232 2921 4290 et
2968 4216 3035 4289 le
3108 4243 3440 4292 renversa
3486 4219 3527 4295 ὲ

754 4340 945 4402 terre
987 4329 1091 4401 lui
1135 4346 1207 4401 et
1259 4355 1387 4403 son
1441 4329 1713 4403 cheval.
1763 4332 1861 4403 Le
1905 4330 2370 4405 malheureux
2410 4336 2613 4431 expia
2665 4336 2839 4409 ainsi
2892 4364 2962 4409 sa
3020 4341 3375 4411 mauvaise
3429 4340 3525 4413 foi

750 4477 882 4549 par
916 4478 1015 4523 un
1064 4449 1520 4525 deshonneur
1564 4452 1896 4526 eclatant.
1955 4454 2052 4525 Ce
2089 4455 2215 4525 fait
2257 4454 2564 4527 d’armes
2602 4460 2909 4530 termina
2956 4460 3056 4531 les
3089 4461 3353 4559 jofites.
3396 4461 3527 4541 Les

754 4574 929 4647 trois
966 4573 1351 4647 chevaliers
1393 4576 1691 4670 francais
1722 4570 2184 4673 deployerent
2216 4602 2304 4650 en
2355 4594 2536 4651 cette
2581 4581 2908 4655 occasion
2944 4598 3100 4653 tant
3128 4579 3218 4653 (18
3248 4582 3521 4672 valeur,

751 4712 890 4796 que
930 4697 1029 4768 les
1075 4699 1277 4796 juges
1329 4696 1427 4770 du
1474 4724 1680 4797 camp
1730 4722 1802 4770 se
1849 4698 2268 4771 trouverent
2315 4698 2784 4775 embarrasses
2826 4700 2915 4775 (18
2961 4701 3247 4775 decider
3289 4703 3523 4804 lequel

749 4817 1027 4894 d’entre
1060 4844 1196 4892 eux
1236 4819 1465 4893 s’etait
1506 4821 1571 4892 18
1605 4820 1763 4919 plus
1793 4820 2192 4920 distingue;
2244 4823 2327 4895 ils
2376 4823 2474 4896 les
2511 4823 2841 4898 louerent
2876 4840 3035 4897 tous
3071 4824 3511 4925 egalement,

3066 4950 3161 5033 ,86
