4666 6014
1084 671 1226 743 170
1562 658 2247 736 CHRONICORUM
2297 656 2655 734 KAROLI
2705 659 2992 736 SEXTI
3042 661 3218 735 Lm.
3267 660 3395 735 111.
3448 665 3453 670 “

1081 814 1613 896 consternatis
1637 812 1928 892 animis
1939 812 2129 890 victi
2153 811 3026 894 succubuerunt.Victis
3048 811 3236 924 quia
3257 810 3537 893 cedere
3555 810 3887 892 fortune

1082 953 1548 1035 novercanti
1574 979 1778 1060 opus
1809 967 2003 1048 erat,
2042 978 2304 1030 comes
2336 951 2572 1030 saluti
2601 980 2739 1031 sue
2773 969 3159 1049 metuenS,
3205 978 3412 1063 equo
3449 949 3888 1031 calcaribus

1047 1089 1394 1188 'adact0,
1434 1087 1817 1190 diuturna
1854 1106 2094 1200 atque
2143 1107 2526 1197 perpetua
2573 1089 2763 1198 fuga
2803 1117 2948 1197 per
2982 1086 3358 1168 dumosos
3401 1089 3889 1201 silvososque

1087 1203 1446 1308 tramites
1473 1227 1824 1308 Insulam
1853 1256 2035 1307 cum
2067 1229 2342 1335 paucis
2368 1229 2646 1337 peciit3
2673 1201 3122 1335 exemplum
3149 1228 3375 1338 cujus
3403 1230 3847 1336 Brugenses
3866 1231 3888 1272 ¹

1087 1367 1348 1479 sequti
1378 1367 1463 1445 in
1487 1365 1751 1445 villam
1783 1366 2197 1475 propriam
2231 1366 2454 1444 ocius
2486 1394 2569 1445 se
2603 1379 3101 1471 receperunt.
3148 1364 3435 1443 Gallici
3473 1392 3665 1446 vero
3704 1365 3898 1444 sub-

1089 1502 1432 1600 sidiarii,
1497 1504 1682 1614 quia
1732 1532 1876 1583 nec
1929 1502 2083 1582 illis
2111 1499 2535 1601 'fidebant,
2581 1501 2850 1581 villam
2890 1500 3234 1580 clausam
3275 1498 3375 1580 de
3425 1498 3895 1598 Odenarde,

1091 1645 1429 1732 Francie
1503 1615 2118 1726 conterminiam
2143 1703 2161 1738 ,
2225 1670 2540 1721 accessu
2605 1637 3015 1719 difficilem
3070 1638 3181 1718 ob
3244 1636 3693 1747 adjacentes
3757 1668 3898 1749 pa-

1090 1777 1339 1878 ludes,
1374 1779 1586 1860 velut
1616 1807 1983 1859 securum
2011 1778 2551 1861 habitaculum
2589 1779 3119 1859 intraverunt.
3144 1777 3262 1856 Eo
3291 1774 3685 1888 siquidem
3715 1806 3902 1857 con-

1097 1945 1372 2026 gressu
1427 1945 1520 1995 ex
1585 1915 2120 2028 quadraginta
2170 1916 2495 1996 milibus
2559 1913 3214 1998 Gandavensium
3276 1932 3623 2026 quatuor
3683 1916 3902 1997 milia

1095 2053 1595 2153 ceciderunt,
1638 2051 1738 2133 de
1778 2071 2010 2163 parte
2052 2081 2242 2133 vero
2284 2049 2603 2133 comitis
2642 2050 2919 2133 decem
2969 2049 3189 2132 milia
3228 2079 3405 2132 cesa
3449 2052 3828 2132 referunt.
3870 2054 3899 2094 ²

1209 2196 1494 2306 Sicque
1557 2196 1856 2302 insigni
1914 2211 2179 2302 strage
2239 2208 2597 2303 peracta,
2665 2190 2859 2273 dum
2915 2191 3334 2300 Philippus
3386 2192 3547 2271 suis
3598 2190 3902 2270 viribus

1098 2334 1518 2441 gloriatur,
1567 2332 2209 2442 presumpcionis
2250 2331 2546 2440 spiritu
2587 2329 2927 2439 amplius
2973 2331 3354 2438 agitatus,
3399 2331 3610 2439 cepit
3648 2328 3902 2409 obsti-

1095 2472 1367 2550 nacius
1407 2469 1648 2549 solito
1692 2468 1795 2548 ad
1838 2469 2406 2548 exterminium
2446 2469 2760 2548 comitis
2801 2467 3198 2548 anhelare.
3235 2465 3362 2548 Ad
3403 2469 3558 2547 ho'c
3598 2467 3905 2547 facinus

1095 2609 1581 2686 incessanter
1623 2634 1953 2684 suorum
2003 2605 2492 2685 sollicitabat
2537 2607 2886 2703 animos;
2939 2603 3041 2685 ad
3085 2602 3305 2717 quod
3351 2603 3753 2713 agendum
3791 2607 3905 2684 ci·-

1099 2744 1264 2822 cius
1286 2804 1306 2840 ,
1358 2771 1539 2822 cum
1595 2759 1812 2821 ratus
1856 2770 1998 2821 sua
2045 2741 2483 2849 plurimum
2537 2744 2917 2824 interesse
2977 2740 3510 2853 perpenderet
3566 2744 3633 2821 si
3680 2743 3905 2851 galli-

1098 2908 1300 2960 cano
1350 2878 1916 2960 destitueretur
1972 2879 2307 2977 auxilie,
2360 2880 2542 2960 ilico
2595 2883 2814 2961 misit
2858 2880 2961 2961 ad
3014 2909 3151 2962 eos
3193 2882 3329 2993 qui
3370 2879 3730 2962 dicerent
3780 2899 3909 2979 ut,

1100 3019 1375 3098 relicto
1422 3019 1927 3129 iniquissimo
1959 3020 2283 3116 comite,
2320 3017 2512 3099 inde
2552 3022 2716 3099 cito
2750 3018 3215 3101 recederent
3245 3038 3327 3099 et
3358 3019 3702 3099 abirent.
3746 3020 3911 3120 Qui

1104 3174 1367 3235 tamen
1415 3156 1842 3265 imperium
1895 3156 2602 3265 contempnentes,
2656 3187 2839 3237 cum
2895 3159 3456 3266 ignominiosis
3499 3159 3767 3237 verbis
3810 3157 3910 3236 ad

1105 3321 1288 3372 eum
1372 3295 1710 3372 nuncios
1776 3295 2279 3373 remiserunt.
2353 3294 2699 3403 Repulsa
2727 3402 2731 3409 .
2758 3297 3279 3406 impacienter
3344 3294 3652 3403 audita,
3724 3322 3913 3374 mox

1105 3434 1276 3540 ipse
1326 3460 1510 3510 cum
1577 3432 1955 3510 trecentis
2007 3432 2403 3539 sagitariis
2445 3434 2803 3541 Anglicis
2859 3453 2939 3515 et
2992 3432 3527 3546 quadraginta
3590 3432 3914 3511 milibus

1106 3565 1799 3664 Gandavensium,
1843 3569 2271 3680 multisque
2309 3571 2677 3651 exulibus
2713 3592 2793 3651 et
2836 3570 3332 3681 dampnatiS,
3371 3568 3471 3650 ad
3508 3599 3591 3650 se
3621 3566 3916 3648 blanda

1109 3734 1341 3816 prece
1379 3723 1459 3784 et
1497 3733 1639 3812 spe
1680 3705 1915 3785 uberi
1957 3707 2449 3816 premiorum
2502 3706 2840 3808 allectis,
2875 3706 2977 3787 ad
3022 3705 3455 3788 Odenarde
3493 3702 3914 3816 progredi-

1109 3862 1284 3942 tur,
1320 3861 1401 3924 et
1444 3871 1611 3922 non
1648 3843 1929 3951 procul
1970 3844 2074 3924 ab
2114 3845 2318 3924 urbe
2367 3862 2688 3925 centum
2743 3845 3106 3955 passibus
3149 3841 3657 3924 obsidionem
3695 3870 3915 3921 com-

1113 3982 1372 4089 ponit.
1450 3981 1577 4061 Ex
1638 3998 1833 4061 tunc
1892 3981 2187 4062 urbani
2245 4011 2428 4061 cum
2492 3983 3009 4089 Francigenis
3078 4010 3268 4061 cura
3342 3980 3724 4088 precipua
3788 3978 3918 4058 die

1115 4136 1523 4229 noctuque
1587 4117 1855 4197 villam
1919 4116 2322 4200 custodire
2402 4122 2880 4230 inceperunt
2916 4181 2934 4217 ,
3002 4116 3403 4226 deputatis
3465 4117 3920 4197 alternatim

1116 4257 1530 4365 vigilibus3
1584 4258 2086 4370 majoresque
2140 4260 2483 4340 vicissim
2549 4258 3086 4340 custodientes
3142 4258 3454 4366 vigilias
3517 4274 3597 4336 et
3656 4259 3916 4336 menia

1115 4390 1714 4504 perlustrantes,
1742 4414 2014 4477 noctes
2048 4425 2147 4476 ex
2181 4416 2409 4505 parte
2444 4397 2787 4507 plurima
2821 4396 3250 4476 trahebant
3284 4396 3786 4503 insompnes,
3830 4409 3921 4470 ut

1003 4638 1010 4647 ⁸
1121 4534 1501 4613 continue
1533 4558 1715 4613 cum
1740 4530 2021 4643 jaculis
2058 4552 2138 4612 et
2176 4534 2400 4612 omni
2442 4558 2730 4643 genere
2776 4530 3194 4614 missilium
3240 4528 3340 4612 ad
3392 4528 3922 4611 resistendum

1193 4799 1206 4819 ¹
1249 4789 1576 4862 Brugenses
1616 4797 1700 4841 est
1734 4789 2034 4860 emprunte
2074 4804 2144 4843 au
2188 4802 2254 4844 11⁶
2290 4787 2435 4867 5960
2455 4833 2472 4862 ,
2620 4797 2639 4820 ⁸
2686 4788 2748 4847 V
2740 4810 2826 4848 ar.
2855 4817 2868 4845 .-
2899 4798 2967 4847 τι*
2988 4789 3163 4866 5960,
3196 4789 3293 4846 fol.
3326 4792 3395 4856 44
3415 4809 3485 4857 v.,
3517 4786 3857 4860 rqferuntur.

1121 4873 1215 4930 sol.
1246 4878 1316 4942 44
1339 4893 1392 4929 v.
1422 4874 1497 4929 Le
1522 4885 1586 4928 n⁰
1609 4869 1751 4947 5958
1780 4883 1940 4947 porte
1971 4874 2326 4949 Bur-gemes.
