4666 6014
1145 584 1291 657 654
1605 523 2287 651 CHROMGORUM
2337 573 2691 647 KARom
2740 573 3024 646 sEx‘n
3073 574 3250 650 Lm.
3306 573 3440 648 x1.

1146 753 1493 847 quatuor
1561 730 2140 811 estimabantur
2209 728 2464 825 milia,
2538 727 2994 824 constabat,
3063 724 3490 837 quemdam
3561 744 3926 808 vocatum

1143 872 1590 952 ,Iohannem
1622 866 1724 964 de
1742 867 2296 947 Ultramarinis
2317 927 2336 964 ,
2371 867 2634 945 virum
2667 867 2945 976 utique
2984 864 3403 945 robustum
3428 928 3447 964 ,
3483 867 3927 975 pacientem

1142 1007 1410 1089 inedie
1441 1024 1520 1087 et
1555 1006 1889 1104 laboris,
1923 1007 2061 1115 qui
2094 1006 2394 1085 clavum
2441 1032 2750 1113 regere,
2787 1003 2954 1083 vela
2991 1001 3304 1083 flectere
3327 1065 3347 1102 ,
3392 1008 3727 1113 remiges
3763 1034 3927 1085 mo-

1142 1145 1405 1227 derari
1427 1206 1447 1243 ,
1481 1144 1849 1252 scopulos
1884 1141 2278 1223 declinare
2307 1204 2325 1239 ,
2365 1140 2747 1250 procellas
2802 1139 3170 1238 evadere,
3225 1141 3496 1222 littora
3537 1160 3618 1222 et
3650 1160 3929 1252 portus

1144 1300 1512 1380 noverat,
1545 1281 2067 1391 prefecerant.
2093 1280 2245 1359 Cui
2275 1308 2456 1359 cum
2486 1255 2731 1358 ardua
2774 1277 3278 1388 disponenda
3306 1308 3486 1360 cum
3519 1278 3721 1360 duce
3748 1309 3929 1387 pre-

1143 1421 1507 1500 veniente
1559 1418 2140 1499 commisissent
2162 1479 2182 1514 ,
2223 1434 2314 1495 ut
2365 1416 2665 1496 affulsit
2709 1434 3021 1524 tempus
3059 1418 3557 1525 navigacioni
3610 1435 3925 1525 aptum,

1141 1577 1222 1638 et
1262 1585 1537 1637 omnes
1595 1577 1848 1636 naves·
1883 1555 2218 1662 ingressi
2265 1572 2689 1662 poscerent
2741 1555 3188 1662 priscorum
3234 1581 3540 1634 morem
3580 1556 3876 1636 servari
3902 1616 3921 1652 ,

1139 1715 1219 1775 et
1257 1697 1413 1775 iter
1463 1721 1937 1803 prosperum
1961 1753 1981 1789 ,
2026 1693 2250 1798 prius
2285 1709 2655 1800 percepta
2696 1690 3257 1808 benedictione
3284 1695 3647 1780 virorum
3678 1693 3922 1774 eccle·

1141 1834 1671 1927 siasticorum,
1703 1829 1840 1937 qui
1878 1856 2141 1907 secum
2175 1856 2467 1937 magno
2495 1855 2827 1907 numero
2858 1828 3388 1928 habebantur,
3424 1831 3921 1927 inchoarent,

1142 1983 1323 2047 orta
1346 1964 1499 2044 fuit
1523 1964 1862 2072 verbalis
1895 1964 2437 2056 controversia
2471 1964 2884 2044 occasione
2914 1966 3323 2062 scismatiS,
3355 1967 3609 2075 proch
3642 1963 3916 2046 dolor!
3968 2070 3977 2078 ·

1141 2106 1226 2183 in
1253 2101 1600 2182 Ecclesia
1626 2077 1819 2179 tunc
1842 2100 2207 2207 vigentis.
2240 2096 2601 2177 Tandem
2632 2116 2925 2197 tamen,
2958 2130 3136 2180 cum
3166 2105 3917 2212 circumspectorum

1135 2238 1467 2349 judicio,
1490 2237 1903 2345 utriusque
1932 2232 2397 2314 obediencie
2426 2233 2590 2315 duo
2622 2235 2847 2316 electi
2877 2255 3067 2316 sunt
3089 2240 3230 2346 qui
3265 2239 3420 2317 sibi
3447 2239 3923 2319 adherentes

1138 2380 1380 2485 signo
1412 2373 1667 2453 c'rucis
1702 2401 1879 2452 cum
1912 2370 2423 2450 oracionibus
2457 2374 2857 2451 consuetis
2896 2375 3384 2453 munierunt.

1253 2512 1536 2621 Sicque
1563 2538 1843 2590 omnes
1883 2537 2074 2588 mox
2122 2508 2346 2588 littus
2391 2508 2798 2607 deserunt,
2840 2511 3196 2620 Neptuni
3230 2515 3626 2623 tem‘ptant
3661 2515 3918 2596 fortu-

1136 2679 1364 2747 nam,
1399 2677 1635 2759 quam
1670 2665 1936 2726 tamen
1966 2673 2275 2754 semper
2312 2671 2777 2754 prosperam
2820 2649 3149 2727 minime
3189 2669 3681 2756 repererunt.
3714 2653 3918 2732 Nam

1140 2814 1282 2895 per
1313 2811 1666 2863 mensem
1711 2784 2147 2889 integrum,
2179 2781 2371 2859 hinc
2400 2784 2505 2859 im
2514 2780 3017 2888 pediencium
3050 2787 3474 2891 asperitate
3503 2791 3877 2895 ruppium
3896 2853 3915 2887 ,

1136 2924 1330 3002 hinc
1357 2921 1740 3002 violencia
1767 2935 2187 3000 ventorum
2225 2921 2542 3024 agitati,
2577 2947 2743 2999 non
2777 2948 2938 3033 quo
2973 2921 3348 3002 volebant
3380 2924 3741 3026 tendere,
3778 2925 3918 3007 sed

1135 3059 1537 3170 applicare
1577 3056 1678 3137 ad
1730 3056 2068 3139 insulam
2115 3055 2484 3137 Sardinie
2531 3060 2784 3138 coacti
2821 3076 3029 3139 sunt.
3076 3059 3246 3139 Illic
3292 3063 3722 3143 stacionem
3769 3065 3914 3144 ali-

1135 3196 1494 3306 quandiu
1545 3195 1964 3291 habentes,
2003 3195 2337 3304 jubente
2386 3210 2694 3274 rectore
2735 3197 3029 3304 navigii
3050 3258 3069 3294 ,
3120 3225 3463 3307 corpora
3523 3228 3916 3283 recreave-

1133 3352 1350 3413 runt.
1408 3331 1564 3412 Sed
1611 3332 2111 3440 comperiens
2164 3330 2599 3411 nonnullos
2655 3330 3011 3438 predicta
3069 3334 3390 3413 territos
3441 3334 3914 3419 adversitate

1121 3463 1708 3551 murmurando
1750 3467 2012 3548 dicere
2041 3466 2265 3581 quod
2304 3468 2707 3583 malebant
2753 3466 2857 3548 ad
2905 3472 3238 3579 propria
3279 3470 3541 3555 redire
3568 3476 3912 3583 sospites

1132 3638 1371 3720 quam
1414 3637 1496 3687 se
1539 3609 1829 3687 iterum
1869 3607 2196 3686 marinis
2237 3606 2613 3690 fluctibus
2664 3607 3123 3717 periculosis
3162 3610 3669 3709 submittere,
3721 3642 3911 3693 mox

1133 3746 1515 3826 concione
1548 3743 1894 3852 generali
1939 3743 2280 3823 militum
2310 3763 2628 3825 evocata
2649 3806 2669 3842 ,
2713 3744 2933 3856 quod
2979 3748 3290 3826 animos
3332 3765 3498 3827 tam
3537 3750 3687 3829 levi
3738 3778 3910 3830 mos·

1131 3899 1403 3962 mento
1430 3880 1755 3959 fortune
1785 3906 2207 3988 suspensos
2237 3870 2605 3987 gereren't
2627 3942 2646 3978 ,
2683 3882 3121 3988 increpavit
3148 3906 3236 3975 τι(
3265 3885 3543 3992 Longa
3568 3945 3588 3982 ,
3620 3886 3908 3995 inquit,

1134 4053 1172 4093 κ
1211 4018 1713 4125 experiencia
1770 4015 2198 4114 didicistis,
2253 4016 2831 4098 commilitones
2887 4021 3215 4128 optimi,
3278 4021 3632 4130 singulos
3691 4042 3910 4104 actus

1132 4191 1169 4229 «
1214 4155 1603 4234 humanos
1653 4152 2006 4233 fortuitis
2055 4153 2362 4235 actibus
2404 4153 2837 4262 subjacere.
2889 4154 3047 4236 Sed
3089 4155 3336 4237 ardua
3375 4157 3657 4267 ‚agredi
3701 4179 3909 4240 amat

1132 4328 1169 4369 c<
1204 4293 1490 4388 virtuS,
1523 4290 1913 4399 fortisque
1946 4290 2094 4371 viri
2136 4290 2498 4397 probitas
2533 4310 2724 4372 tunc
2755 4310 3088 4402 apparet
3108 4355 3131 4392 ,
3161 4323 3342 4374 cum
3373 4296 3686 4377 casibus
3729 4326 3907 4378 exa·
4006 4289 4019 4295 ’

1129 4466 1168 4506 α
1210 4430 1506 4509 minata
1549 4424 2013 4526 contrariis,
2056 4427 2382 4510 adversa
2425 4434 2650 4511 novit
2691 4432 3083 4519 sustinere
3117 4432 3597 4547 infortunia,
3636 4452 3716 4514 et
3748 4464 3908 4516 ma·

1132 4604 1170 4641 «
1212 4569 1472 4648 lorum
1505 4565 2013 4676 -ponderibus
2043 4570 2399 4648 animum
2426 4597 2590 4649 non
2634 4570 3060 4650 submittit.
3096 4604 3135 4644 2)

1240 4705 1418 4789 Hiis
1450 4721 1529 4784 et
1568 4702 1958 4787 similibus
1993 4705 2258 4785 verbis
2288 4708 2558 4789 animo
2593 4706 2986 4806 solidatis,
3018 4735 3294 4789 omnes
3337 4709 3899 4819 jussitjterum
