4666 6014
1072 730 1216 803 458
1528 721 2212 797 CHRONIGORUM
2262 720 2615 795 KARom
2670 719 2955 793 sssx‘rl
3004 696 3183 793 Lm.
3240 716 3400 794 vu.

1078 872 1506 956 nonnullas
1561 871 1713 952 illis
1772 875 1858 952 in
1928 874 2300 982 partibus
2348 883 2897 953 cremaverunt
2945 886 3029 950 et
3075 865 3557 977 redegerunt
3617 870 3703 948 in
3749 867 3868 948 fa·

1075 1011 1363 1091 villam.
1542 1029 1546 1034 ’
2676 1007 2691 1019 ’

2046 1251 2714 1331 CAPITULUM
2763 1252 2862 1328 X.

1591 1486 1680 1546 De
1709 1486 2200 1567 Francigenarum
2228 1507 2262 1544 a
2283 1499 2459 1565 portu
2487 1483 2728 1548 Escluse
2760 1482 3071 1574 ingloriose
3099 1503 3347 1543 recessu.

1190 1710 1328 1791 Ad·
1354 1711 1956 1822 expedicionem
1986 1714 2287 1821 regiam
2315 1713 2541 1793 stilus
2579 1710 3059 1821 regreditur,
3105 1713 3858 1818 circumspectorum

1080 1876 1421 1959 sequens
1449 1848 1843 1959 judicium
1873 1911 1892 1948 ,
1930 1850 2070 1960 qui
2114 1848 2425 1929 domini
2454 1847 2679 1932 ducis
2712 1847 3014 1928 Biturie
3054 1845 3396 1927 tediosas
3437 1845 3871 1929 dilaciones
3968 1957 3973 1962 Ι

1079 2005 1162 2065 et
1185 1987 1504 2066 nocivas
1530 1986 2289 2098 instabilitatemque
2315 1988 2703 2095 temporis
2725 2002 2992 2065 mente
3012 1979 3448 2066 recolentes
3466 2047 3485 2085 ,
3511 1983 3870 2065 eamdem

1081 2122 1424 2203 obscuro
1446 2122 1607 2203 fine
1634 2122 2157 2205 claudendam
2183 2124 2506 2234 publice
2529 2122 3118 2234 presagiebant3
3144 2122 3369 2235 quod
3389 2124 3669 2232 utique
3696 2152 3868 2204 non

1078 2259 1223 2340 diu
1264 2279 1452 2370 post
1492 2280 1909 2371 expertum
1943 2280 2084 2342 est.
2117 2262 2330 2343 Nam
2359 2260 2526 2343 dux
2559 2263 2728 2372 ipse
2757 2251 2864 2341 *ad
2894 2261 3333 2341 honestatis
3367 2260 3682 2341 rediens
3711 2259 3870 2341 dis-

1078 2397 1457 2506 ciplinam
1480 2461 1499 2498 ,
1550 2398 1773 2511 quod
1821 2428 2075 2511 usque
2120 2398 2223 2479 ad
2276 2401 2772 2509 principium
2819 2416 3343 2499 recusaverat,
3401 2416 3688 2510 quarta
3727 2396 3867 2478 de·

1078 2537 1282 2616 cima
1322 2535 1454 2616 die
1486 2538 1869 2635 octobris»,
1919 2537 2129 2644 regis
2164 2565 2248 2617 se
2282 2538 2746 2646 conspectui
2777 2537 3097 2618 obtulit.
3142 2533 3299 2616 Sed
3332 2537 3418 2616 in
3449 2536 3869 2649 colloquiis

1076 2692 1158 2752 et
1193 2675 1636 2754 curialitate
1677 2676 1977 2755 mutuis
2007 2675 2244 2754 unica
2274 2671 2408 2753 die
2436 2692 2835 2754 transacta
2858 2731 2880 2772 ,
2935 2695 3128 2754 mox
3145 2735 3166 2774 ,
3207 2691 3298 2754 ut
3329 2702 3553 2758 more
3580 2674 3870 2755 multo-

1076 2838 1257 2891 rum
1319 2804 1644 2924 loquar,
1696 2814 1929 2922 quasi
1994 2807 2462 2892 tarditatem
2532 2839 2755 2892 suam
2816 2839 3003 2920 egre
3054 2811 3361 2892 ferrent
3428 2811 3815 2891 elementa
3843 2873 3864 2909 ,

1073 2949 1424 3028 votivam
1450 2947 1863 3060 hucusque
1894 2949 2571 3062 transquilitatem
2597 2977 3057 3031 concessam
3082 2967 3324 3062 atque
3360 2933 3865 3058 navigacioni

1075 3104 1343 3194 aptam
1385 3102 1915 3167 retraxerunt.
1970 3088 2093 3166 Ex
2148 3089 2557 3195 insperato
2596 3086 2992 3199 siquidem
3037 3089 3297 3168 tocius
3334 3084 3864 3168 confunditur

1072 3221 1240 3331 poli
1262 3221 1504 3301 facies
1526 3283 1546 3321 ,
1589 3240 1671 3300 et
1700 3224 2318 3336 circumquaque
2349 3225 2730 3304 obscuras
2760 3222 3150 3307 inducens
3178 3224 3552 3303 tenebras
3570 3285 3590 3322 ,
3619 3221 3865 3303 fidem

1070 3359 1395 3467 pelagus
1435 3360 1836 3460 immutat,
1878 3378 1961 3440 et
1998 3358 2194 3440 dum
2231 3389 2449 3441 nunc
2488 3362 2785 3460 Notus,
2820 3388 3038 3440 nunc
3075 3360 3396 3458 Boreas»,
3428 3365 3646 3440 nunc
3677 3359 3863 3438 hor·
3986 3390 3987 3393 ¹

1070 3493 1296 3575 ridus
1319 3496 1671 3576 Affricus
1703 3499 1988 3595 instat,
2028 3526 2248 3577 mare
2279 3497 2657 3605 superbia
2689 3497 3151 3575 intumescit
3169 3557 3187 3593 ,
3223 3513 3304 3574 et
3331 3523 3476 3603 per
3506 3521 3860 3574 mensem

1069 3629 1524 3740 predictum
1559 3633 1952 3737 reiteratis
1983 3632 2291 3713 vicibus
2324 3631 2836 3713 circumfictis
2869 3631 3330 3740 procellosis
3365 3629 3859 3711 anfractibus

1065 3767 1323 3849 undas
1380 3772 1468 3850 in
1514 3788 1827 3851 montes
1872 3755 2259 3852 extollens
2279 3780 2316 3869 ,‘
2343 3799 2581 3852 naves
2637 3770 2921 3850 multas
2973 3766 3173 3847 diris
3217 3764 3767 3847 collisionibus
3813 3798 3860 3848 a

1066 3905 1475 3987 littoribus
1515 3908 1799 3988 avulsit
1827 3927 1966 3988 aut
1998 3906 2398 3989 destruxit
2415 3970 2435 4008 ,
2496 3926 2636 3988 aut
2665 3907 2983 3987 inutilia
3019 3933 3293 3986 earum
3326 3902 3687 3985 reddidit
3721 3934 3853 3986 ar-

1072 4063 1491 4124 mamenta.
1559 4047 1967 4146 Quociens
2016 4046 2235 4127 venti
2296 4044 2708 4153 paululum
2744 4043 3301 4141 mitescebant,
3361 4044 3590 4153 quasi
3636 4021 3853 4124 Deus

1065 4178 1299 4259 vellet
1335 4183 1571 4260 terris
1602 4181 2019 4262 effundere
2048 4178 2557 4263 Deucalionis
2593 4180 2976 4261 diluvium
3006 4182 3320 4280 iterate,
3358 4197 3585 4260 tanta
3615 4186 3853 4291 aqua·

1065 4344 1249 4395 rum
1288 4317 1852 4399 habundancia
1903 4337 1983 4399 et
2021 4320 2475 4429 pluviarum
2525 4319 3037 4428 intemperies
3088 4317 3592 4430 sequebatur,
3632 4335 3722 4397 ut
3767 4335 3847 4397 et

1060 4456 1317 4536 victus
1372 4474 1611 4567 atque
1648 4475 1900 4537 vestes
1946 4456 2426 4538 bellatorum
2477 4472 3205 4564 computrescerent
3233 4516 3253 4553 ,
3309 4473 3391 4535 et
3437 4482 3607 4535 non
3649 4473 3851 4536 esset

1061 4611 1286 4677 extra
1325 4594 1564 4675 naves
1596 4594 1816 4675 locus
1856 4594 1999 4675 ubi
2029 4596 2551 4677 necessariam
2588 4610 2917 4702 possent
2948 4591 3208 4673 locare
3239 4592 3327 4672 in
3354 4594 3565 4673 sicco
3595 4592 3853 4702 supel-

1062 4729 1425 4812 lectilem.
3482 4814 3487 4817 .

1153 4869 1418 4970 Quam
1441 4868 1883 4951 molestiam
1896 4896 2174 4951 omnes
2193 4872 2891 4981 impacientissime
2916 4868 3421 4950 tollerabant.
3447 4868 3618 4947 Hac
3634 4864 3732 4948 de
3756 4896 3845 4948 re
