<?xml version="1.0" encoding="UTF-8"?>
<!DOCTYPE html PUBLIC "-//W3C//DTD XHTML 1.0 Transitional//EN"
    "http://www.w3.org/TR/xhtml1/DTD/xhtml1-transitional.dtd">
<html xmlns="http://www.w3.org/1999/xhtml" xml:lang="en" lang="en">
 <head>
  <title>
</title>
<meta http-equiv="Content-Type" content="text/html;charset=utf-8" />
  <meta name='ocr-system' content='tesseract 3.04.00' />
  <meta name='ocr-capabilities' content='ocr_page ocr_carea ocr_par ocr_line ocrx_word'/>
</head>
<body>
  <div class='ocr_page' id='page_1' title='image "./chroniquedureli00frangoog_0746.png"; bbox 0 0 4666 6014; ppageno 0'>
   <div class='ocr_carea' id='block_1_1' title="bbox 1201 583 3520 731">
    <p class='ocr_par' dir='ltr' id='par_1_1' title="bbox 1201 583 3520 731">
     <span class='ocr_line' id='line_1_1' title="bbox 1201 583 3520 731; baseline -0.006 0"><span class='ocrx_word' id='word_1_1' title='bbox 1201 661 1344 731; x_wconf 81' lang='lat'>722</span> <span class='ocrx_word' id='word_1_2' title='bbox 1650 648 2331 726; x_wconf 86' lang='lat' dir='ltr'>CHRONICORUM</span> <span class='ocrx_word' id='word_1_3' title='bbox 2380 583 2736 722; x_wconf 66' lang='lat' dir='ltr'>mou</span> <span class='ocrx_word' id='word_1_4' title='bbox 2786 644 3071 721; x_wconf 83' lang='lat' dir='ltr'><strong>SEXTI</strong></span> <span class='ocrx_word' id='word_1_5' title='bbox 3118 644 3297 720; x_wconf 77' lang='grc' dir='ltr'>ΠΒ.</span> <span class='ocrx_word' id='word_1_6' title='bbox 3334 640 3520 718; x_wconf 78' lang='lat' dir='ltr'><strong>x11.</strong></span> 
     </span>
    </p>
   </div>
   <div class='ocr_carea' id='block_1_2' title="bbox 1101 791 3989 4868">
    <p class='ocr_par' dir='ltr' id='par_1_2' title="bbox 1101 791 3989 1729">
     <span class='ocr_line' id='line_1_2' title="bbox 1200 791 3986 916; baseline -0.004 -32"><span class='ocrx_word' id='word_1_7' title='bbox 1200 822 1465 916; x_wconf 64' lang='lat' dir='ltr'>partes</span> <span class='ocrx_word' id='word_1_8' title='bbox 1517 800 1940 881; x_wconf 80' lang='lat' dir='ltr'><strong>duraverat</strong></span> <span class='ocrx_word' id='word_1_9' title='bbox 1984 797 2147 878; x_wconf 84' lang='lat' dir='ltr'>fere</span> <span class='ocrx_word' id='word_1_10' title='bbox 2194 826 2345 904; x_wconf 84' lang='lat' dir='ltr'>per</span> <span class='ocrx_word' id='word_1_11' title='bbox 2381 799 2783 905; x_wconf 85' lang='lat' dir='ltr'>integrum</span> <span class='ocrx_word' id='word_1_12' title='bbox 2839 795 3167 878; x_wconf 82' lang='lat' dir='ltr'>annum.</span> <span class='ocrx_word' id='word_1_13' title='bbox 3227 792 3557 893; x_wconf 87' lang='lat' dir='ltr'>Qua-nto</span> <span class='ocrx_word' id='word_1_14' title='bbox 3612 791 3986 898; x_wconf 78' lang='lat' dir='ltr'>inexpia—</span> 
     </span>
     <span class='ocr_line' id='line_1_3' title="bbox 1201 929 3988 1029; baseline -0.004 -8"><span class='ocrx_word' id='word_1_15' title='bbox 1201 942 1345 1021; x_wconf 87' lang='lat' dir='ltr'>bili</span> <span class='ocrx_word' id='word_1_16' title='bbox 1388 956 1468 1019; x_wconf 90' lang='lat' dir='ltr'>et</span> <span class='ocrx_word' id='word_1_17' title='bbox 1519 939 1961 1018; x_wconf 88' lang='lat' dir='ltr'>inveterato</span> <span class='ocrx_word' id='word_1_18' title='bbox 2013 933 2648 1015; x_wconf 81' lang='lat' dir='ltr'>accendebantur</span> <span class='ocrx_word' id='word_1_19' title='bbox 2684 930 2912 1029; x_wconf 92' lang='lat' dir='ltr'>odi0,</span> <span class='ocrx_word' id='word_1_20' title='bbox 2961 960 3140 1011; x_wconf 89' lang='lat' dir='ltr'>cum</span> <span class='ocrx_word' id='word_1_21' title='bbox 3192 947 3414 1009; x_wconf 90' lang='lat' dir='ltr'>tanta</span> <span class='ocrx_word' id='word_1_22' title='bbox 3452 929 3744 1009; x_wconf 85' lang='lat' dir='ltr'>sevicia</span> <span class='ocrx_word' id='word_1_23' title='bbox 3779 955 3988 1010; x_wconf 86' lang='lat' dir='ltr'>unus</span> 
     </span>
     <span class='ocr_line' id='line_1_4' title="bbox 1203 1066 3986 1183; baseline -0.003 -28"><span class='ocrx_word' id='word_1_24' title='bbox 1203 1095 1502 1155; x_wconf 84' lang='lat' dir='ltr'>terram</span> <span class='ocrx_word' id='word_1_25' title='bbox 1538 1072 2163 1183; x_wconf 90' lang='lat' dir='ltr'>dampnificabat</span> <span class='ocrx_word' id='word_1_26' title='bbox 2215 1072 2558 1151; x_wconf 87' lang='lat' dir='ltr'>alterius.</span> <span class='ocrx_word' id='word_1_27' title='bbox 2595 1070 3037 1179; x_wconf 83' lang='lat' dir='ltr'><strong>Utrobique</strong></span> <span class='ocrx_word' id='word_1_28' title='bbox 3081 1066 3212 1147; x_wconf 92' lang='lat' dir='ltr'>die</span> <span class='ocrx_word' id='word_1_29' title='bbox 3242 1085 3645 1175; x_wconf 91' lang='lat' dir='ltr'>noctuque</span> <span class='ocrx_word' id='word_1_30' title='bbox 3675 1066 3986 1147; x_wconf 91' lang='lat' dir='ltr'>hostilis</span> 
     </span>
     <span class='ocr_line' id='line_1_5' title="bbox 1204 1201 3989 1315; baseline -0.003 -24"><span class='ocrx_word' id='word_1_31' title='bbox 1204 1210 1825 1292; x_wconf 87' lang='lat' dir='ltr'>continuebatur</span> <span class='ocrx_word' id='word_1_32' title='bbox 1848 1207 2250 1288; x_wconf 89' lang='lat' dir='ltr'>discursus</span> <span class='ocrx_word' id='word_1_33' title='bbox 2273 1238 2292 1307; x_wconf 91' lang='lat'>;</span> <span class='ocrx_word' id='word_1_34' title='bbox 2321 1207 2509 1287; x_wconf 92' lang='lat' dir='ltr'>inde</span> <span class='ocrx_word' id='word_1_35' title='bbox 2544 1226 2700 1286; x_wconf 91' lang='lat' dir='ltr'>stra</span> <span class='ocrx_word' id='word_1_36' title='bbox 2711 1225 2843 1315; x_wconf 85' lang='lat' dir='ltr'>ges</span> <span class='ocrx_word' id='word_1_37' title='bbox 2863 1268 2881 1304; x_wconf 89' lang='lat'>,</span> <span class='ocrx_word' id='word_1_38' title='bbox 2904 1206 3183 1314; x_wconf 81' lang='lat' dir='ltr'>rapine</span> <span class='ocrx_word' id='word_1_39' title='bbox 3205 1220 3285 1282; x_wconf 90' lang='lat' dir='ltr'>et</span> <span class='ocrx_word' id='word_1_40' title='bbox 3307 1201 3676 1282; x_wconf 87' lang='lat' dir='ltr'>incendia</span> <span class='ocrx_word' id='word_1_41' title='bbox 3715 1229 3989 1313; x_wconf 89' lang='lat' dir='ltr'>seque-</span> 
     </span>
     <span class='ocr_line' id='line_1_6' title="bbox 1101 1335 3986 1456; baseline -0.002 -30"><span class='ocrx_word' id='word_1_42' title='bbox 1101 1335 1112 1342; x_wconf 43' lang='lat'><em>⁴</em></span> <span class='ocrx_word' id='word_1_43' title='bbox 1201 1348 1520 1445; x_wconf 80' lang='lat' dir='ltr'>bantur,</span> <span class='ocrx_word' id='word_1_44' title='bbox 1565 1366 1645 1425; x_wconf 92' lang='lat' dir='ltr'>et</span> <span class='ocrx_word' id='word_1_45' title='bbox 1692 1343 2085 1456; x_wconf 83' lang='lat' dir='ltr'>quidquid</span> <span class='ocrx_word' id='word_1_46' title='bbox 2125 1346 2379 1452; x_wconf 78' lang='lat' dir='ltr'>hostis</span> <span class='ocrx_word' id='word_1_47' title='bbox 2430 1347 2512 1423; x_wconf 92' lang='lat' dir='ltr'>in</span> <span class='ocrx_word' id='word_1_48' title='bbox 2553 1345 2867 1424; x_wconf 89' lang='lat' dir='ltr'>hostem</span> <span class='ocrx_word' id='word_1_49' title='bbox 2915 1368 3276 1421; x_wconf 88' lang='lat' dir='ltr'>exercere</span> <span class='ocrx_word' id='word_1_50' title='bbox 3322 1342 3757 1419; x_wconf 87' lang='lat' dir='ltr'>consuevit.</span> <span class='ocrx_word' id='word_1_51' title='bbox 3820 1341 3986 1421; x_wconf 89' lang='lat' dir='ltr'>Nec</span> 
     </span>
     <span class='ocr_line' id='line_1_7' title="bbox 1204 1473 3985 1591; baseline -0.002 -28"><span class='ocrx_word' id='word_1_52' title='bbox 1204 1484 1536 1563; x_wconf 92' lang='lat' dir='ltr'>dubium</span> <span class='ocrx_word' id='word_1_53' title='bbox 1581 1482 1777 1591; x_wconf 91' lang='lat' dir='ltr'>quin</span> <span class='ocrx_word' id='word_1_54' title='bbox 1832 1484 2089 1591; x_wconf 83' lang='lat' dir='ltr'>patria</span> <span class='ocrx_word' id='word_1_55' title='bbox 2124 1481 2495 1564; x_wconf 89' lang='lat' dir='ltr'>ultimum</span> <span class='ocrx_word' id='word_1_56' title='bbox 2535 1508 2764 1590; x_wconf 90' lang='lat' dir='ltr'>passa</span> <span class='ocrx_word' id='word_1_57' title='bbox 2812 1479 3091 1559; x_wconf 79' lang='lat' dir='ltr'>fuisset</span> <span class='ocrx_word' id='word_1_58' title='bbox 3141 1473 3583 1575; x_wconf 78' lang='lat' dir='ltr'>excidium,</span> <span class='ocrx_word' id='word_1_59' title='bbox 3634 1478 3792 1556; x_wconf 89' lang='lat' dir='ltr'>nisi</span> <span class='ocrx_word' id='word_1_60' title='bbox 3845 1506 3985 1557; x_wconf 84' lang='lat' dir='ltr'>rex</span> 
     </span>
     <span class='ocr_line' id='line_1_8' title="bbox 1205 1617 2110 1729; baseline -0.004 -28"><span class='ocrx_word' id='word_1_61' title='bbox 1205 1621 1554 1729; x_wconf 79' lang='lat' dir='ltr'>negociis</span> <span class='ocrx_word' id='word_1_62' title='bbox 1609 1617 2110 1726; x_wconf 86' lang='lat' dir='ltr'>providisset.</span> 
     </span>
    </p>

    <p class='ocr_par' dir='ltr' id='par_1_3' title="bbox 1107 1748 3987 4021">
     <span class='ocr_line' id='line_1_9' title="bbox 1325 1748 3986 1867; baseline -0.001 -30"><span class='ocrx_word' id='word_1_63' title='bbox 1325 1757 1530 1838; x_wconf 85' lang='lat' dir='ltr'>Sane</span> <span class='ocrx_word' id='word_1_64' title='bbox 1561 1786 1746 1840; x_wconf 90' lang='lat' dir='ltr'>cum</span> <span class='ocrx_word' id='word_1_65' title='bbox 1769 1783 2225 1840; x_wconf 86' lang='lat' dir='ltr'>excessuum</span> <span class='ocrx_word' id='word_1_66' title='bbox 2250 1755 2792 1867; x_wconf 85' lang='lat' dir='ltr'>querimonias</span> <span class='ocrx_word' id='word_1_67' title='bbox 2814 1751 3162 1836; x_wconf 84' lang='lat' dir='ltr'>audisset</span> <span class='ocrx_word' id='word_1_68' title='bbox 3178 1813 3201 1850; x_wconf 90' lang='lat'>‚</span> <span class='ocrx_word' id='word_1_69' title='bbox 3228 1748 3333 1832; x_wconf 91' lang='lat' dir='ltr'>de</span> <span class='ocrx_word' id='word_1_70' title='bbox 3362 1751 3701 1832; x_wconf 86' lang='lat' dir='ltr'>consilio</span> <span class='ocrx_word' id='word_1_71' title='bbox 3733 1750 3986 1834; x_wconf 89' lang='lat' dir='ltr'>domi-</span> 
     </span>
     <span class='ocr_line' id='line_1_10' title="bbox 1203 1885 3987 2000; baseline -0.002 -28"><span class='ocrx_word' id='word_1_72' title='bbox 1203 1920 1496 1972; x_wconf 81' lang='lat' dir='ltr'>norum</span> <span class='ocrx_word' id='word_1_73' title='bbox 1524 1891 1628 1972; x_wconf 88' lang='lat' dir='ltr'>de</span> <span class='ocrx_word' id='word_1_74' title='bbox 1645 1893 2028 1999; x_wconf 81' lang='lat' dir='ltr'>Ripparia</span> <span class='ocrx_word' id='word_1_75' title='bbox 2050 1909 2130 1971; x_wconf 90' lang='lat' dir='ltr'>et</span> <span class='ocrx_word' id='word_1_76' title='bbox 2151 1890 2254 1971; x_wconf 91' lang='lat' dir='ltr'>de</span> <span class='ocrx_word' id='word_1_77' title='bbox 2273 1893 2348 1969; x_wconf 95' lang='lat' dir='ltr'>N</span> <span class='ocrx_word' id='word_1_78' title='bbox 2354 1892 2673 1970; x_wconf 87' lang='lat' dir='ltr'>oviento</span> <span class='ocrx_word' id='word_1_79' title='bbox 2688 1952 2710 1988; x_wconf 86' lang='lat'>,</span> <span class='ocrx_word' id='word_1_80' title='bbox 2740 1892 2891 2000; x_wconf 82' lang='lat' dir='ltr'>qui</span> <span class='ocrx_word' id='word_1_81' title='bbox 2913 1887 3228 1969; x_wconf 86' lang='lat' dir='ltr'>assidue</span> <span class='ocrx_word' id='word_1_82' title='bbox 3250 1887 3484 1972; x_wconf 88' lang='lat' dir='ltr'>lateri</span> <span class='ocrx_word' id='word_1_83' title='bbox 3508 1888 3714 1995; x_wconf 87' lang='lat' dir='ltr'>regis</span> <span class='ocrx_word' id='word_1_84' title='bbox 3745 1885 3987 1967; x_wconf 88' lang='lat' dir='ltr'>adhe-</span> 
     </span>
     <span class='ocr_line' id='line_1_11' title="bbox 1207 2025 3980 2138; baseline 0 -33"><span class='ocrx_word' id='word_1_85' title='bbox 1207 2047 1469 2108; x_wconf 85' lang='lat' dir='ltr'>rentes</span> <span class='ocrx_word' id='word_1_86' title='bbox 1494 2031 1739 2108; x_wconf 90' lang='lat' dir='ltr'>eciam</span> <span class='ocrx_word' id='word_1_87' title='bbox 1765 2029 1940 2138; x_wconf 87' lang='lat' dir='ltr'>ejus</span> <span class='ocrx_word' id='word_1_88' title='bbox 1971 2029 2299 2108; x_wconf 87' lang='lat' dir='ltr'>summis</span> <span class='ocrx_word' id='word_1_89' title='bbox 2324 2026 2953 2107; x_wconf 87' lang='lat' dir='ltr'>dominabantur</span> <span class='ocrx_word' id='word_1_90' title='bbox 2980 2028 3065 2105; x_wconf 90' lang='lat' dir='ltr'>in</span> <span class='ocrx_word' id='word_1_91' title='bbox 3106 2025 3303 2106; x_wconf 91' lang='lat' dir='ltr'>aulis</span> <span class='ocrx_word' id='word_1_92' title='bbox 3331 2044 3411 2106; x_wconf 90' lang='lat' dir='ltr'>et</span> <span class='ocrx_word' id='word_1_93' title='bbox 3431 2044 3710 2107; x_wconf 89' lang='lat' dir='ltr'>cuncta</span> <span class='ocrx_word' id='word_1_94' title='bbox 3751 2030 3980 2135; x_wconf 88' lang='lat' dir='ltr'>regni</span> 
     </span>
     <span class='ocr_line' id='line_1_12' title="bbox 1204 2161 3980 2273; baseline -0 -30"><span class='ocrx_word' id='word_1_95' title='bbox 1204 2163 1451 2243; x_wconf 85' lang='lat' dir='ltr'>ardua</span> <span class='ocrx_word' id='word_1_96' title='bbox 1494 2163 1595 2243; x_wconf 87' lang='lat' dir='ltr'>ad</span> <span class='ocrx_word' id='word_1_97' title='bbox 1640 2182 1923 2244; x_wconf 89' lang='lat' dir='ltr'>nutum</span> <span class='ocrx_word' id='word_1_98' title='bbox 1967 2164 2540 2273; x_wconf 85' lang='lat' dir='ltr'>disponebant,</span> <span class='ocrx_word' id='word_1_99' title='bbox 2585 2163 2956 2244; x_wconf 89' lang='lat' dir='ltr'>dominos</span> <span class='ocrx_word' id='word_1_100' title='bbox 3005 2161 3593 2243; x_wconf 86' lang='lat' dir='ltr'>duces.Biturie</span> <span class='ocrx_word' id='word_1_101' title='bbox 3648 2191 3738 2243; x_wconf 89' lang='lat' dir='ltr'>ac</span> <span class='ocrx_word' id='word_1_102' title='bbox 3780 2163 3980 2242; x_wconf 90' lang='lat' dir='ltr'>Bur·</span> 
     </span>
     <span class='ocr_line' id='line_1_13' title="bbox 1204 2299 3980 2416; baseline 0.001 -37"><span class='ocrx_word' id='word_1_103' title='bbox 1204 2300 1500 2409; x_wconf 88' lang='lat' dir='ltr'>gundie</span> <span class='ocrx_word' id='word_1_104' title='bbox 1548 2303 1993 2402; x_wconf 87' lang='lat' dir='ltr'>accersivit,</span> <span class='ocrx_word' id='word_1_105' title='bbox 2042 2319 2133 2381; x_wconf 88' lang='lat' dir='ltr'>ut</span> <span class='ocrx_word' id='word_1_106' title='bbox 2177 2305 2514 2383; x_wconf 87' lang='lat' dir='ltr'>sciretur</span> <span class='ocrx_word' id='word_1_107' title='bbox 2562 2299 2759 2414; x_wconf 89' lang='lat' dir='ltr'>quid</span> <span class='ocrx_word' id='word_1_108' title='bbox 2802 2300 2990 2381; x_wconf 89' lang='lat' dir='ltr'>inde</span> <span class='ocrx_word' id='word_1_109' title='bbox 3040 2299 3434 2416; x_wconf 85' lang='lat' dir='ltr'>agendum</span> <span class='ocrx_word' id='word_1_110' title='bbox 3490 2318 3715 2381; x_wconf 90' lang='lat' dir='ltr'>esset.</span> <span class='ocrx_word' id='word_1_111' title='bbox 3777 2301 3980 2381; x_wconf 89' lang='lat' dir='ltr'>Cum</span> 
     </span>
     <span class='ocr_line' id='line_1_14' title="bbox 1204 2436 3980 2548; baseline -0 -31"><span class='ocrx_word' id='word_1_112' title='bbox 1204 2436 1500 2518; x_wconf 90' lang='lat' dir='ltr'>eisdem</span> <span class='ocrx_word' id='word_1_113' title='bbox 1531 2440 1781 2518; x_wconf 88' lang='lat' dir='ltr'>eciam</span> <span class='ocrx_word' id='word_1_114' title='bbox 1817 2458 2360 2534; x_wconf 83' lang='lat' dir='ltr'>convenerunt</span> <span class='ocrx_word' id='word_1_115' title='bbox 2391 2467 2668 2520; x_wconf 91' lang='lat' dir='ltr'>omnes</span> <span class='ocrx_word' id='word_1_116' title='bbox 2716 2438 2815 2519; x_wconf 92' lang='lat' dir='ltr'>de</span> <span class='ocrx_word' id='word_1_117' title='bbox 2854 2441 3240 2547; x_wconf 90' lang='lat' dir='ltr'>sanguine</span> <span class='ocrx_word' id='word_1_118' title='bbox 3285 2440 3507 2547; x_wconf 89' lang='lat' dir='ltr'>regio</span> <span class='ocrx_word' id='word_1_119' title='bbox 3547 2441 3980 2548; x_wconf 83' lang='lat' dir='ltr'>procreati3</span> 
     </span>
     <span class='ocr_line' id='line_1_15' title="bbox 1204 2575 3977 2684; baseline 0.001 -31"><span class='ocrx_word' id='word_1_120' title='bbox 1204 2592 1284 2653; x_wconf 91' lang='lat' dir='ltr'>et</span> <span class='ocrx_word' id='word_1_121' title='bbox 1312 2577 1426 2655; x_wconf 92' lang='lat' dir='ltr'>sic</span> <span class='ocrx_word' id='word_1_122' title='bbox 1469 2577 1553 2653; x_wconf 89' lang='lat' dir='ltr'>in</span> <span class='ocrx_word' id='word_1_123' title='bbox 1591 2578 2069 2656; x_wconf 86' lang='lat' dir='ltr'>consistorio</span> <span class='ocrx_word' id='word_1_124' title='bbox 2104 2577 2447 2684; x_wconf 88' lang='lat' dir='ltr'>generali</span> <span class='ocrx_word' id='word_1_125' title='bbox 2483 2580 2942 2684; x_wconf 88' lang='lat' dir='ltr'>principum</span> <span class='ocrx_word' id='word_1_126' title='bbox 2985 2575 3391 2657; x_wconf 88' lang='lat' dir='ltr'>decretum</span> <span class='ocrx_word' id='word_1_127' title='bbox 3426 2591 3545 2656; x_wconf 90' lang='lat' dir='ltr'>est</span> <span class='ocrx_word' id='word_1_128' title='bbox 3576 2596 3669 2657; x_wconf 92' lang='lat' dir='ltr'>ut</span> <span class='ocrx_word' id='word_1_129' title='bbox 3696 2577 3977 2657; x_wconf 88' lang='lat' dir='ltr'>solem-</span> 
     </span>
     <span class='ocr_line' id='line_1_16' title="bbox 1207 2712 3980 2823; baseline 0.003 -34"><span class='ocrx_word' id='word_1_130' title='bbox 1207 2740 1344 2791; x_wconf 88' lang='lat' dir='ltr'>nes</span> <span class='ocrx_word' id='word_1_131' title='bbox 1394 2715 1670 2793; x_wconf 90' lang='lat' dir='ltr'>nuncii</span> <span class='ocrx_word' id='word_1_132' title='bbox 1728 2743 1914 2793; x_wconf 82' lang='lat' dir='ltr'>mox</span> <span class='ocrx_word' id='word_1_133' title='bbox 1989 2714 2172 2793; x_wconf 89' lang='lat' dir='ltr'>illuc</span> <span class='ocrx_word' id='word_1_134' title='bbox 2228 2712 2766 2822; x_wconf 85' lang='lat' dir='ltr'>dirigerentur</span> <span class='ocrx_word' id='word_1_135' title='bbox 2792 2777 2814 2813; x_wconf 90' lang='lat'>,</span> <span class='ocrx_word' id='word_1_136' title='bbox 2870 2716 3052 2823; x_wconf 89' lang='lat' dir='ltr'>qui,</span> <span class='ocrx_word' id='word_1_137' title='bbox 3104 2716 3598 2798; x_wconf 83' lang='lat' dir='ltr'>incursiones</span> <span class='ocrx_word' id='word_1_138' title='bbox 3654 2715 3980 2800; x_wconf 82' lang='lat' dir='ltr'>hostiles</span> 
     </span>
     <span class='ocr_line' id='line_1_17' title="bbox 1205 2849 3982 2959; baseline 0.001 -33"><span class='ocrx_word' id='word_1_139' title='bbox 1205 2850 1672 2928; x_wconf 88' lang='lat' dir='ltr'>auctoritate</span> <span class='ocrx_word' id='word_1_140' title='bbox 1709 2852 1923 2956; x_wconf 90' lang='lat' dir='ltr'>regia</span> <span class='ocrx_word' id='word_1_141' title='bbox 1973 2851 2533 2956; x_wconf 78' lang='lat' dir='ltr'>prohibenteS,</span> <span class='ocrx_word' id='word_1_142' title='bbox 2577 2851 2972 2931; x_wconf 89' lang='lat' dir='ltr'>ambobus</span> <span class='ocrx_word' id='word_1_143' title='bbox 3018 2850 3232 2930; x_wconf 93' lang='lat' dir='ltr'>diem</span> <span class='ocrx_word' id='word_1_144' title='bbox 3272 2849 3629 2931; x_wconf 86' lang='lat' dir='ltr'>dicerent</span> <span class='ocrx_word' id='word_1_145' title='bbox 3660 2880 3982 2959; x_wconf 89' lang='lat' dir='ltr'>compa-</span> 
     </span>
     <span class='ocr_line' id='line_1_18' title="bbox 1206 2982 3984 3098; baseline 0.003 -37"><span class='ocrx_word' id='word_1_146' title='bbox 1206 2982 1441 3062; x_wconf 89' lang='lat' dir='ltr'>randi</span> <span class='ocrx_word' id='word_1_147' title='bbox 1476 2985 1560 3063; x_wconf 92' lang='lat' dir='ltr'>in</span> <span class='ocrx_word' id='word_1_148' title='bbox 1591 2986 2085 3066; x_wconf 88' lang='lat' dir='ltr'>Parlamento</span> <span class='ocrx_word' id='word_1_149' title='bbox 2127 2989 2349 3095; x_wconf 90' lang='lat' dir='ltr'>regio</span> <span class='ocrx_word' id='word_1_150' title='bbox 2372 3050 2392 3086; x_wconf 87' lang='lat'>,</span> <span class='ocrx_word' id='word_1_151' title='bbox 2426 3005 2517 3069; x_wconf 85' lang='lat' dir='ltr'>ut</span> <span class='ocrx_word' id='word_1_152' title='bbox 2547 2991 2953 3098; x_wconf 85' lang='lat' dir='ltr'>sopiretur</span> <span class='ocrx_word' id='word_1_153' title='bbox 2992 2988 3348 3069; x_wconf 89' lang='lat' dir='ltr'>mortalis</span> <span class='ocrx_word' id='word_1_154' title='bbox 3398 2987 3798 3070; x_wconf 87' lang='lat' dir='ltr'>discordia</span> <span class='ocrx_word' id='word_1_155' title='bbox 3840 3018 3984 3098; x_wconf 91' lang='lat' dir='ltr'>per</span> 
     </span>
     <span class='ocr_line' id='line_1_19' title="bbox 1208 3120 3983 3235; baseline 0.003 -38"><span class='ocrx_word' id='word_1_156' title='bbox 1208 3120 1625 3200; x_wconf 87' lang='lat' dir='ltr'>consilium</span> <span class='ocrx_word' id='word_1_157' title='bbox 1671 3125 2138 3230; x_wconf 90' lang='lat' dir='ltr'>peritorum.</span> <span class='ocrx_word' id='word_1_158' title='bbox 2189 3122 2436 3224; x_wconf 87' lang='lat' dir='ltr'>Quod</span> <span class='ocrx_word' id='word_1_159' title='bbox 2484 3154 2583 3204; x_wconf 92' lang='lat' dir='ltr'>ne</span> <span class='ocrx_word' id='word_1_160' title='bbox 2628 3144 2894 3234; x_wconf 87' lang='lat' dir='ltr'>partes</span> <span class='ocrx_word' id='word_1_161' title='bbox 2944 3155 3136 3207; x_wconf 88' lang='lat' dir='ltr'>ausu</span> <span class='ocrx_word' id='word_1_162' title='bbox 3174 3128 3596 3205; x_wconf 92' lang='lat' dir='ltr'>temerario</span> <span class='ocrx_word' id='word_1_163' title='bbox 3643 3125 3983 3235; x_wconf 88' lang='lat' dir='ltr'>denega-</span> 
     </span>
     <span class='ocr_line' id='line_1_20' title="bbox 1207 3240 3982 3370; baseline 0.003 -37"><span class='ocrx_word' id='word_1_164' title='bbox 1207 3275 1428 3355; x_wconf 90' lang='lat' dir='ltr'>rent,</span> <span class='ocrx_word' id='word_1_165' title='bbox 1471 3285 1649 3337; x_wconf 88' lang='lat' dir='ltr'>cum</span> <span class='ocrx_word' id='word_1_166' title='bbox 1689 3262 2041 3339; x_wconf 81' lang='lat' dir='ltr'>exercitu</span> <span class='ocrx_word' id='word_1_167' title='bbox 2074 3261 2239 3370; x_wconf 84' lang='lat' dir='ltr'>jam</span> <span class='ocrx_word' id='word_1_168' title='bbox 2284 3258 2812 3341; x_wconf 88' lang='lat' dir='ltr'>adductorum</span> <span class='ocrx_word' id='word_1_169' title='bbox 2861 3279 3398 3369; x_wconf 83' lang='lat' dir='ltr'>pugnatorum</span> <span class='ocrx_word' id='word_1_170' title='bbox 3448 3240 3549 3341; x_wconf 89' lang='lat' dir='ltr'>ad</span> <span class='ocrx_word' id='word_1_171' title='bbox 3587 3263 3982 3343; x_wconf 82' lang='lat' dir='ltr'>civitatem</span> 
     </span>
     <span class='ocr_line' id='line_1_21' title="bbox 1206 3392 3976 3511; baseline 0.004 -44"><span class='ocrx_word' id='word_1_172' title='bbox 1206 3392 1752 3473; x_wconf 89' lang='lat' dir='ltr'>Turonensem</span> <span class='ocrx_word' id='word_1_173' title='bbox 1773 3457 1792 3495; x_wconf 97' lang='lat'>,</span> <span class='ocrx_word' id='word_1_174' title='bbox 1820 3397 2085 3503; x_wconf 87' lang='lat' dir='ltr'>vigilia</span> <span class='ocrx_word' id='word_1_175' title='bbox 2128 3398 2381 3481; x_wconf 88' lang='lat' dir='ltr'>sancti</span> <span class='ocrx_word' id='word_1_176' title='bbox 2410 3397 2746 3501; x_wconf 24' lang='lat' dir='ltr'>‘Martini</span> <span class='ocrx_word' id='word_1_177' title='bbox 2771 3399 3152 3511; x_wconf 79' lang='lat' dir='ltr'>hyemalis</span> <span class='ocrx_word' id='word_1_178' title='bbox 3177 3463 3196 3499; x_wconf 91' lang='lat'>,</span> <span class='ocrx_word' id='word_1_179' title='bbox 3231 3401 3594 3499; x_wconf 88' lang='lat' dir='ltr'>accessit,</span> <span class='ocrx_word' id='word_1_180' title='bbox 3624 3419 3704 3481; x_wconf 92' lang='lat' dir='ltr'>et</span> <span class='ocrx_word' id='word_1_181' title='bbox 3734 3428 3976 3480; x_wconf 88' lang='lat' dir='ltr'>avun-</span> 
     </span>
     <span class='ocr_line' id='line_1_22' title="bbox 1207 3529 3978 3646; baseline 0.005 -40"><span class='ocrx_word' id='word_1_182' title='bbox 1207 3529 1468 3609; x_wconf 90' lang='lat' dir='ltr'>culum</span> <span class='ocrx_word' id='word_1_183' title='bbox 1506 3559 1732 3613; x_wconf 90' lang='lat' dir='ltr'>suum</span> <span class='ocrx_word' id='word_1_184' title='bbox 1781 3530 2063 3612; x_wconf 91' lang='lat' dir='ltr'>ducem</span> <span class='ocrx_word' id='word_1_185' title='bbox 2108 3533 2410 3613; x_wconf 88' lang='lat' dir='ltr'>Biturie</span> <span class='ocrx_word' id='word_1_186' title='bbox 2456 3564 2633 3615; x_wconf 90' lang='lat' dir='ltr'>cum</span> <span class='ocrx_word' id='word_1_187' title='bbox 2678 3535 3098 3635; x_wconf 88' lang='lat' dir='ltr'>militibus,</span> <span class='ocrx_word' id='word_1_188' title='bbox 3141 3538 3591 3646; x_wconf 75' lang='lat' dir='ltr'>armigeri3‚</span> <span class='ocrx_word' id='word_1_189' title='bbox 3643 3555 3978 3621; x_wconf 87' lang='lat' dir='ltr'>secreta-</span> 
     </span>
     <span class='ocr_line' id='line_1_23' title="bbox 1203 3665 3981 3779; baseline 0.005 -37"><span class='ocrx_word' id='word_1_190' title='bbox 1203 3665 1347 3744; x_wconf 85' lang='lat' dir='ltr'>riis</span> <span class='ocrx_word' id='word_1_191' title='bbox 1375 3695 1742 3775; x_wconf 63' lang='lat' dir='ltr'>quoque,</span> <span class='ocrx_word' id='word_1_192' title='bbox 1766 3669 1906 3779; x_wconf 88' lang='lat' dir='ltr'>qui</span> <span class='ocrx_word' id='word_1_193' title='bbox 1934 3670 2088 3749; x_wconf 86' lang='lat' dir='ltr'>sibi</span> <span class='ocrx_word' id='word_1_194' title='bbox 2117 3671 2582 3753; x_wconf 84' lang='lat' dir='ltr'>familiarius</span> <span class='ocrx_word' id='word_1_195' title='bbox 2616 3699 2712 3751; x_wconf 85' lang='lat' dir='ltr'>ex</span> <span class='ocrx_word' id='word_1_196' title='bbox 2749 3672 3035 3753; x_wconf 80' lang='lat' dir='ltr'>officiis</span> <span class='ocrx_word' id='word_1_197' title='bbox 3073 3675 3586 3772; x_wconf 86' lang='lat' dir='ltr'>assistebant,</span> <span class='ocrx_word' id='word_1_198' title='bbox 3624 3673 3981 3757; x_wconf 77' lang='lat' dir='ltr'>destina-</span> 
     </span>
     <span class='ocr_line' id='line_1_24' title="bbox 1107 3794 3976 3920; baseline 0.006 -43"><span class='ocrx_word' id='word_1_199' title='bbox 1107 3794 1116 3813; x_wconf 87' lang='lat'><em>&#39;</em></span> <span class='ocrx_word' id='word_1_200' title='bbox 1204 3801 1358 3898; x_wconf 83' lang='lat' dir='ltr'>vit,</span> <span class='ocrx_word' id='word_1_201' title='bbox 1393 3803 1531 3909; x_wconf 89' lang='lat' dir='ltr'>qui</span> <span class='ocrx_word' id='word_1_202' title='bbox 1561 3801 1746 3883; x_wconf 87' lang='lat' dir='ltr'>duci</span> <span class='ocrx_word' id='word_1_203' title='bbox 1776 3806 2127 3886; x_wconf 88' lang='lat' dir='ltr'>Britanie</span> <span class='ocrx_word' id='word_1_204' title='bbox 2164 3808 3131 3916; x_wconf 77' lang='lat' dir='ltr'>enucleacius.aperientes</span> <span class='ocrx_word' id='word_1_205' title='bbox 3173 3828 3517 3892; x_wconf 83' lang='lat' dir='ltr'>mentem</span> <span class='ocrx_word' id='word_1_206' title='bbox 3547 3814 3754 3920; x_wconf 85' lang='lat' dir='ltr'>regis</span> <span class='ocrx_word' id='word_1_207' title='bbox 3792 3841 3976 3895; x_wconf 89' lang='lat' dir='ltr'>eum</span> 
     </span>
     <span class='ocr_line' id='line_1_25' title="bbox 1129 3930 2095 4021; baseline 0.01 -10"><span class='ocrx_word' id='word_1_208' title='bbox 1129 3930 1136 3934; x_wconf 42' lang='lat'>⁸</span> <span class='ocrx_word' id='word_1_209' title='bbox 1205 3934 1575 4017; x_wconf 87' lang='lat' dir='ltr'>accedere</span> <span class='ocrx_word' id='word_1_210' title='bbox 1605 3939 2095 4021; x_wconf 77' lang='lat' dir='ltr'>festinarent.</span> 
     </span>
    </p>

    <p class='ocr_par' dir='ltr' id='par_1_4' title="bbox 1201 4072 3975 4868">
     <span class='ocr_line' id='line_1_26' title="bbox 1319 4072 3975 4195; baseline 0.006 -46"><span class='ocrx_word' id='word_1_211' title='bbox 1319 4072 1794 4187; x_wconf 68' lang='lat' dir='ltr'>Namnetum</span> <span class='ocrx_word' id='word_1_212' title='bbox 1827 4094 2018 4157; x_wconf 85' lang='lat' dir='ltr'>tunc</span> <span class='ocrx_word' id='word_1_213' title='bbox 2047 4076 2399 4160; x_wconf 86' lang='lat' dir='ltr'>residens</span> <span class='ocrx_word' id='word_1_214' title='bbox 2426 4099 2519 4159; x_wconf 87' lang='lat' dir='ltr'>ut</span> <span class='ocrx_word' id='word_1_215' title='bbox 2547 4081 2845 4163; x_wconf 85' lang='lat' dir='ltr'>audivit</span> <span class='ocrx_word' id='word_1_216' title='bbox 2874 4082 3156 4164; x_wconf 84' lang='lat' dir='ltr'>ducem</span> <span class='ocrx_word' id='word_1_217' title='bbox 3180 4082 3516 4184; x_wconf 86' lang='lat' dir='ltr'>Biturie,</span> <span class='ocrx_word' id='word_1_218' title='bbox 3546 4087 3699 4166; x_wconf 91' lang='lat' dir='ltr'>sibi</span> <span class='ocrx_word' id='word_1_219' title='bbox 3739 4116 3975 4195; x_wconf 91' lang='lat' dir='ltr'>super</span> 
     </span>
     <span class='ocr_line' id='line_1_27' title="bbox 1201 4182 3974 4335; baseline 0.006 -45"><span class='ocrx_word' id='word_1_220' title='bbox 1201 4236 1474 4292; x_wconf 84' lang='lat' dir='ltr'>omnes</span> <span class='ocrx_word' id='word_1_221' title='bbox 1534 4182 1695 4295; x_wconf 90' lang='lat' dir='ltr'>lilia</span> <span class='ocrx_word' id='word_1_222' title='bbox 1751 4215 2222 4299; x_wconf 82' lang='lat' dir='ltr'>defferentes</span> <span class='ocrx_word' id='word_1_223' title='bbox 2282 4218 2694 4318; x_wconf 79' lang='lat' dir='ltr'>d&#39;ilectur&#39;n,</span> <span class='ocrx_word' id='word_1_224' title='bbox 2752 4226 3440 4334; x_wconf 88' lang='lat' dir='ltr'>appropinquare,</span> <span class='ocrx_word' id='word_1_225' title='bbox 3510 4227 3595 4305; x_wconf 93' lang='lat' dir='ltr'>in</span> <span class='ocrx_word' id='word_1_226' title='bbox 3657 4228 3974 4335; x_wconf 91' lang='lat' dir='ltr'>signum</span> 
     </span>
     <span class='ocr_line' id='line_1_28' title="bbox 1206 4347 3971 4463; baseline 0.007 -39"><span class='ocrx_word' id='word_1_227' title='bbox 1206 4347 1536 4429; x_wconf 89' lang='lat' dir='ltr'>honoris</span> <span class='ocrx_word' id='word_1_228' title='bbox 1579 4368 1657 4429; x_wconf 90' lang='lat' dir='ltr'>et</span> <span class='ocrx_word' id='word_1_229' title='bbox 1688 4350 1943 4432; x_wconf 88' lang='lat' dir='ltr'>leticie</span> <span class='ocrx_word' id='word_1_230' title='bbox 1983 4355 2371 4462; x_wconf 78' lang='lat' dir='ltr'>specialis,</span> <span class='ocrx_word' id='word_1_231' title='bbox 2410 4386 2589 4436; x_wconf 88' lang='lat' dir='ltr'>cum</span> <span class='ocrx_word' id='word_1_232' title='bbox 2622 4360 2781 4438; x_wconf 91' lang='lat' dir='ltr'>suis</span> <span class='ocrx_word' id='word_1_233' title='bbox 2829 4358 3265 4440; x_wconf 86' lang='lat' dir='ltr'>illustribus</span> <span class='ocrx_word' id='word_1_234' title='bbox 3308 4390 3540 4442; x_wconf 88' lang='lat' dir='ltr'>naves</span> <span class='ocrx_word' id='word_1_235' title='bbox 3576 4362 3971 4463; x_wconf 89' lang='lat' dir='ltr'>ascendit,</span> 
     </span>
     <span class='ocr_line' id='line_1_29' title="bbox 1206 4488 3975 4612; baseline 0.007 -50"><span class='ocrx_word' id='word_1_236' title='bbox 1206 4502 1284 4562; x_wconf 91' lang='lat' dir='ltr'>et</span> <span class='ocrx_word' id='word_1_237' title='bbox 1323 4514 1467 4594; x_wconf 91' lang='lat' dir='ltr'>per</span> <span class='ocrx_word' id='word_1_238' title='bbox 1515 4488 1898 4595; x_wconf 86' lang='lat' dir='ltr'>Ligerim,</span> <span class='ocrx_word' id='word_1_239' title='bbox 1932 4491 2372 4600; x_wconf 84' lang='lat' dir='ltr'>preclarum</span> <span class='ocrx_word' id='word_1_240' title='bbox 2422 4521 2769 4592; x_wconf 84' lang='lat' dir='ltr'>amnem,</span> <span class='ocrx_word' id='word_1_241' title='bbox 2806 4497 2945 4603; x_wconf 89' lang='lat' dir='ltr'>qui</span> <span class='ocrx_word' id='word_1_242' title='bbox 2999 4525 3290 4576; x_wconf 89' lang='lat' dir='ltr'>nomen</span> <span class='ocrx_word' id='word_1_243' title='bbox 3325 4516 3402 4578; x_wconf 93' lang='lat' dir='ltr'>et</span> <span class='ocrx_word' id='word_1_244' title='bbox 3443 4528 3683 4608; x_wconf 89' lang='lat' dir='ltr'>aquas</span> <span class='ocrx_word' id='word_1_245' title='bbox 3719 4529 3975 4612; x_wconf 87' lang='lat' dir='ltr'>prope</span> 
     </span>
     <span class='ocr_line' id='line_1_30' title="bbox 1203 4619 3973 4741; baseline 0.006 -43"><span class='ocrx_word' id='word_1_246' title='bbox 1203 4619 1469 4699; x_wconf 87' lang='lat' dir='ltr'>villam</span> <span class='ocrx_word' id='word_1_247' title='bbox 1527 4623 1611 4700; x_wconf 90' lang='lat' dir='ltr'>in</span> <span class='ocrx_word' id='word_1_248' title='bbox 1651 4623 2057 4703; x_wconf 88' lang='lat' dir='ltr'>Oceanum</span> <span class='ocrx_word' id='word_1_249' title='bbox 2102 4626 2298 4726; x_wconf 81' lang='lat' dir='ltr'>fert,</span> <span class='ocrx_word' id='word_1_250' title='bbox 2330 4629 2682 4709; x_wconf 82' lang='lat' dir='ltr'>velorum</span> <span class='ocrx_word' id='word_1_251' title='bbox 2721 4631 3081 4715; x_wconf 89' lang='lat' dir='ltr'>subsidio</span> <span class='ocrx_word' id='word_1_252' title='bbox 3124 4662 3266 4741; x_wconf 89' lang='lat' dir='ltr'>per</span> <span class='ocrx_word' id='word_1_253' title='bbox 3309 4652 3464 4714; x_wconf 91' lang='lat' dir='ltr'>tres</span> <span class='ocrx_word' id='word_1_254' title='bbox 3510 4635 3766 4716; x_wconf 88' lang='lat' dir='ltr'>leucas</span> <span class='ocrx_word' id='word_1_255' title='bbox 3816 4637 3973 4715; x_wconf 89' lang='lat' dir='ltr'>sibi</span> 
     </span>
     <span class='ocr_line' id='line_1_31' title="bbox 1207 4757 3972 4868; baseline 0.007 -32"><span class='ocrx_word' id='word_1_256' title='bbox 1207 4757 1524 4841; x_wconf 86' lang='lat' dir='ltr'>obviam</span> <span class='ocrx_word' id='word_1_257' title='bbox 1546 4764 1929 4860; x_wconf 83' lang='lat' dir='ltr'>occurrit,</span> <span class='ocrx_word' id='word_1_258' title='bbox 1961 4782 2041 4842; x_wconf 91' lang='lat' dir='ltr'>et</span> <span class='ocrx_word' id='word_1_259' title='bbox 2074 4765 2160 4842; x_wconf 90' lang='lat' dir='ltr'>in</span> <span class='ocrx_word' id='word_1_260' title='bbox 2198 4765 2485 4849; x_wconf 83' lang='lat' dir='ltr'>urbem.</span> <span class='ocrx_word' id='word_1_261' title='bbox 2506 4765 2978 4851; x_wconf 76' lang='lat' dir='ltr'>introduxit.</span> <span class='ocrx_word' id='word_1_262' title='bbox 3012 4771 3219 4850; x_wconf 90' lang='lat' dir='ltr'>Tum</span> <span class='ocrx_word' id='word_1_263' title='bbox 3254 4769 3566 4853; x_wconf 87' lang='lat' dir='ltr'>ducissa</span> <span class='ocrx_word' id='word_1_264' title='bbox 3581 4773 3972 4868; x_wconf 84' lang='lat' dir='ltr'>Britanie,</span> 
     </span>
    </p>
   </div>
  </div>
 </body>
</html>
