4666 6014
1895 791 3007 903 CHRONIGORUM

1578 1071 2494 1233 KAROLI
2626 1075 3310 1234 SEXTI

1922 1406 2284 1493 LIBER
2370 1401 2943 1516 QUINTUS.

2149 1685 2162 1696 ·
2288 1660 2607 1713 Pontificum
2634 1677 2739 1723 vu,

2284 1734 2785 1801 Imperatorum....,

1433 1808 1578 1861 Anni
1602 1808 1820 1861 Domini
1844 1826 2186 1863 uccctxxxiv.
2285 1807 2610 1859 Francorum
2640 1827 2694 1874 v,
2731 1831 2737 1840 ⁴

1951 1877 1956 1884 ’
2284 1880 2582 1947 Anglorum
2608 1899 2709 1934 vm
2722 1917 2739 1945 ,

2285 1956 2474 2010 Sicilie
2508 1975 2593 2010 ιιι.

2030 2430 2703 2511 CAPITULUM
2773 2434 2836 2510 Ι.

1332 2667 1418 2724 De
1452 2664 1775 2724 excessibus
1805 2662 2109 2744 nephande
2136 2665 2435 2725 concionis
2459 2665 2857 2726 Tucbinorum
2882 2663 3150 2724 Alvernie
3177 2675 3235 2721 et
3259 2660 3527 2720 Pictavie.

631 2906 979 3030 ξὲζιαᾞ·
1157 2894 1399 2973 INTER
1429 2922 1652 3002 reges
1687 2894 2020 2973 Francie
2050 2912 2131 2973 et
2162 2895 2449 3004 Anglie
2482 2893 2807 2976 inducie
2833 2892 3198 2976 sollidate
3227 2912 3443 2972 terra
3463 2895 3826 3003 marique

1042 3031 1463 3111 Franciam
1508 3033 1666 3111 isto
1709 3060 1925 3111 anno
1967 3032 2321 3144 quietam
2375 3049 2833 3112 tenuerunt.
2888 3030 3043 3111 Sed
3086 3033 3296 3111 inter
3335 3057 3619 3136 pauca,
3671 3056 3826 3140 que

1040 3168 1549 3277 contigerunt
1604 3171 1910 3278 scriptu
1957 3167 2241 3276 digna,
2296 3169 2598 3249 calamo
2653 3198 2738 3250 se
2784 3167 2947 3248 dux
2997 3168 3296 3248 Biturie
3352 3166 3617 3247 offert.
3665 3164 3827 3264 Qui

1036 3333 1307 3385 mense
1356 3333 1589 3413 mayo
1643 3334 1822 3385 cum
1880 3307 2250 3415 apicibus
2302 3307 2760 3415 apostolicis
2802 3322 3208 3401 evocatus,
3261 3305 3434 3411 regi
3493 3304 3556 3380 F
3560 3303 3825 3380 rancie

1033 3437 1420 3520 valedicto
1441 3503 1459 3538 ,
1523 3470 1707 3521 cum
1766 3443 2247 3523 Avinionem
2301 3470 2446 3550 per
2503 3443 2958 3522 Alverniam
2986 3534 2995 3541 ,
3021 3458 3102 3520 et
3164 3441 3592 3517 Pictaviam
3646 3454 3822 3514 ten-

1033 3575 1293 3675 deret,
1341 3579 1456 3657 ibi
1509 3576 1976 3690 aliquandiu
2027 3580 2443 3658 immorari
2487 3577 2885 3687 disposuit
2935 3578 3046 3658 ob
3096 3573 3573 3669 inauditam,
3630 3572 3818 3651 alias

1033 3711 1637 3812 indomabilem,
1678 3714 2190 3823 popularium
2211 3690 2571 3810 furorem
2599 3733 2792 3794 tunc
2820 3715 3163 3824 patriam
3199 3712 3817 3821 opprimentem.

1031 3847 1236 3929 Sane
1311 3850 1739 3931 multitudo
1815 3854 2154 3932 maxima
2219 3852 2939 3962 abjectissimorum
3016 3853 3378 3937 virorum
3397 3909 3416 3944 ,
3488 3848 3628 3958 qui
3706 3845 3815 3923 ob

1031 3985 1488 4067 inconditos
1531 4017 1791 4069 mores
1830 3989 2175 4069 Tuchini
2220 3988 2719 4087 dicebantur,
2758 3990 3059 4100 ubique
3091 3991 3175 4066 in
3212 3985 3367 4064 illis
3405 3981 3770 4092 partibus
3795 4044 3812 4075 ,

1028 4122 1243 4205 velut
1308 4126 1645 4236 inquieti
1718 4154 2021 4206 vermes
2052 4190 2070 4226 ,
2155 4129 2573 4238 inopinate
2637 4142 3092 4235 eruperant.
3166 4123 3385 4225 Qui,
3482 4118 3811 4223 dimisso

1026 4261 1669 4343 mechanicarum
1724 4264 2028 4344 arcium
2083 4282 2164 4343 et
2207 4264 2702 4372 agriculture
2766 4260 3037 4343 studio
3056 4324 3075 4360 ,
3128 4276 3409 4339 mutuo
3467 4285 3549 4335 se
3611 4252 3816 4333 adu-

1027 4415 1343 4495 nanteS,
1392 4399 1887 4479 terribilibus
1937 4402 2452 4481 sacramentis
2498 4428 2665 4479 sese
2700 4403 3279 4493 astrinxerant,
3323 4391 3544 4507 quod
3587 4390 3813 4468 dein-

1023 4561 1209 4643 ceps
1269 4534 1491 4615 nullo
1544 4536 1739 4646 jugo
1820 4536 2372 4647 subsidiorum
2444 4537 2645 4617 colla
2730 4537 3298 4629 submiterent,
3364 4528 3501 4609 sed
3566 4527 3819 4633 patric

1021 4673 1434 4783 antiquam
1472 4692 1873 4755 servantes
1914 4674 2375 4754 libertatem
2392 4736 2412 4773 ,
2456 4674 2612 4755 hoc
2644 4703 2848 4755 onus
2880 4672 3414 4782 dampnosum
3452 4678 3816 4743 excutere

1018 4810 1325 4890 viribus
1356 4828 1947 4921 attemptarent.
2001 4817 2109 4892 At
2154 4813 2293 4892 ubi
2337 4841 2763 4894 numerum
2792 4840 3024 4893 suum
3054 4807 3429 4889 viderunt
3470 4825 3816 4880 crescere
