4666 6014
1101 634 1194 704 56
1607 630 2292 706 CHRONICORUM
2342 628 2697 705 KAROLI
2747 630 3031 705 SEXTI
3082 632 3258 705 LIB.
3312 634 3370 705 1.

1098 781 1361 861 locum
1386 780 1490 860 im
1501 782 1906 860 munitatis
1932 782 2283 862 virorum
2307 783 2747 891 pecierunt,
2772 780 3114 894 quedam
3145 781 3545 892 peofflniis
3564 800 3889 864 onerate

1098 946 1180 998 se
1198 915 1385 997 fidei
1401 918 2055 1028 persequencium
2077 919 2693 1000 christianorum
2714 920 3285 1000 commiserunt
3301 950 3322 1019 ;
3346 947 3546 1031 quas
3564 917 3887 1001 tandem

1098 1056 1248 1134 viri
1281 1056 1536 1166 iniqui
1567 1073 1647 1135 et
1686 1052 1954 1134 divina
1986 1054 2672 1137 animadversione
2709 1055 2932 1165 digni
2976 1057 3251 1136 omni¹
3304 1055 3584 1138 mobili
3620 1059 3884 1167 priva-

1097 1207 1419 1289 verunt,
1475 1209 1588 1290 et,
1631 1189 1852 1303 quod
1891 1189 2449 1301 displicencius
2484 1192 2682 1291 fuit,
2725 1190 3019 1272 eisdem
3061 1195 3332 1274 invitis
3364 1193 3736 1325 parvulos
3764 1224 3887 1275 ra-

1093 1329 1398 1437 pientes
1446 1328 1867 1437 baptizare
1915 1328 2299 1408 fecerunt.

1206 1467 1589 1544 Excessus
1623 1493 1790 1544 non
1826 1466 2223 1551 immerito
2256 1494 2400 1546 rex
2432 1454 2949 1576 impacienter
2978 1464 3304 1566 audivit,
3337 1485 3418 1546 et
3447 1425 3884 1549 vindictam

1093 1601 1195 1682 ad
1239 1621 1552 1709 tempus
1586 1600 2082 1682 dissimulare
2120 1602 2570 1703 consultus,
2603 1601 2875 1684 Judeis
2902 1605 3263 1716 sequenti
3299 1604 3471 1684 luce
3503 1604 3884 1714 hospiciis

1095 1739 1477 1820 restitutis
1516 1742 1575 1837 ²,
1630 1768 1776 1849 per
1826 1741 2174 1848 compita
2222 1741 2563 1821 civitatis
2609 1702 2926 1821 edictali
2970 1740 3182 1850 lege,
3233 1768 3425 1820 voce
3464 1743 3882 1850 preconia,

1090 1877 1305 1956 lituis
1338 1877 2008 1986 concrepantibus
2032 1940 2050 1976 ‚
2101 1895 2181 1957 et
2222 1877 2377 1958 sub
2413 1906 2626 1987 pena
2666 1877 2985 1987 capitali
3001 1864 3462 1975 mandavit,
3501 1893 3592 1956 ut
3623 1876 3886 1957 ablata

1096 2008 1420 2093 mobilia
1479 2009 1771 2092 eisdem
1828 2013 2466 2094 restituerentur.
2535 2012 2692 2095 Sed
2752 2014 2940 2094 huic
2989 2032 3367 2124 precepto
3433 2015 3653 2122 regio
3701 2038 3883 2122 per-

1093 2150 1318 2258 pauci
1359 2167 1554 2230 tunc
1594 2167 2059 2259 paruerunt.

1991 2393 2664 2487 CAPITULIJM
2724 2395 2965 2486 VIII.

1505 2629 1729 2712 Anglici
1759 2650 2006 2712 regnum
2033 2627 2344 2706 infestant,
2376 2643 2435 2690 ct
2461 2630 2581 2691 dux
2608 2629 2866 2692 Britanic
2892 2631 3015 2711 regi
3049 2627 3465 2692 reconsiliatur.

1204 2857 1331 2939 Ad
1356 2856 1890 2939 discursiones
1929 2856 2255 2940 hostiles
2290 2838 2804 2969 Angl‘icorum
2823 2920 2842 2957 ,
2889 2858 3298 2970 hucusque
3336 2875 3667 2967 propter
3707 2887 3885 2968 pre-

1088 2997 1383 3106 scripta
1423 2996 1576 3077 sub
1617 2994 1942 3082 silencio
1992 2996 2339 3107 sepultas
2364 3059 2383 3096 ,
2430 2994 2745 3077 rediens
2786 2994 3010 3075 stilus
3047 3013 3360 3094 noster,
3404 2994 3885 3078 racionabile

1093 3132 1406 3214 videtur
1440 3151 1532 3213 ut
1580 3162 1624 3211 a
1665 3163 1974 3213 recessu
2025 3132 2540 3214 dominorum
2593 3132 2884 3214 ducum
2934 3131 3034 3220 d‚e
3064 3135 3539 3242 Acquitanie
3590 3132 3882 3214 ducatu

1091 3289 1353 3351 sumat
1393 3268 1837 3351 exordium.
1885 3272 2089 3350 Nam
2128 3269 2319 3351 inde
2361 3271 2673 3380 An'glici
2704 3271 2858 3352 sub
2890 3271 3138 3379 signis
3184 3267 3492 3350 domini
3527 3270 3838 3350 Thome
3862 3334 3880 3369 ‚

1092 3409 1232 3489 filii
1264 3410 1472 3518 regis
1513 3408 1792 3516 Anglie
1816 3471 1834 3506 ‚
1877 3409 2308 3489 militantes
2343 3407 2442 3488 de
2480 3437 2757 3488 eorum
2790 3436 3101 3487 recessu
3132 3404 3594 3488 audaciores
3619 3407 3881 3488 effecti

1086 3545 1189 3626 ad
1221 3544 1671 3627 nocendum
1691 3608 1710 3644 ‚
1747 3563 1826 3625 et
1864 3575 1911 3624 a
1947 3574 2215 3625 mense
2250 3545 2685 3654 septembri
2719 3563 2799 3624 et
2828 3545 3240 3655 hucusque
3272 3541 3373 3623 de
3405 3547 3879 3656 Acquitania

1088 3713 1235 3793 per
1274 3684 1715 3763 Turoniam
1755 3700 1835 3762 et
1879 3683 1980 3761 de
2006 3684 2036 3726 ⁸
2083 3682 2373 3791 Majori
2417 3682 2906 3762 Monasterio
2945 3709 3092 3790 per
3131 3677 3672 3789 Andegaviam
3716 3679 3877 3760 dis-

1087 3838 1494 3901 currentes
1533 3818 1930 3899 hostiliter
1951 3881 1970 3918 ,
2003 3848 2277 3929 greges
2308 3838 2392 3899 et
2420 3835 2778 3899 armenta
2809 3815 3168 3930 undique
3198 3816 3586 3895 violenter
3620 3813 3877 3895 abdu—

1087 3975 1390 4057 centeS,
1448 3956 1912 4039 omnimoda
1963 3958 2429 4068 supellectili
2481 3956 2842 4066 spoliatis
2886 3951 3230 4053 coloniS,
3272 3952 3658 4033 suburbia
3712 3980 3876 4032 non

1082 4092 1562 4176 desisterunt
1601 4093 2117 4194 succendere,
2179 4093 2439 4176 donec
2484 4094 2920 4173 Britaniam
2967 4092 3436 4198 attigissent.
3485 4086 3876 4200 Equidem

1082 4260 1248 4311 non
1311 4233 1790 4340 ignorabant
1866 4233 2066 4341 quin
2104 4229 2474 4313 'barones
2540 4230 2969 4310 efficaciter
3033 4226 3495 4306 laborarent
3557 4243 3651 4306 ut
3712 4225 3878 4306 dux

1080 4370 1144 4449 F
1148 4371 1415 4450 rancie
1456 4369 2095 4451 reconsiliaretur
2142 4371 2335 4479 regi.
2382 4365 2535 4448 Sed
2590 4369 2927 4448 scientes
2983 4393 3161 4443 eum
3227 4391 3393 4442 non
3444 4360 3706 4444 adhuc
3752 4364 3878 4443 fe-

1155 4644 1360 4699 ¹..·Var
1350 4661 1440 4698 -on
1449 4641 1610 4719 5960,
1623 4640 1718 4697 sol.
1730 4639 1883 4711 3412,
1895 4661 1957 4698 vc
1973 4660 2046 4698 au
2059 4640 2254 4699 lieude
2266 4645 2436 4699 omni·
2585 4640 2760 4709 ⁸,De
2797 4640 3094 4714 emprunte
3135 4656 3208 4693 au
3242 4651 3305 4693 n⁰
3329 4635 3505 4714 5960,
3551 4637 3646 4693 fol.
3692 4634 3762 4703 34
3789 4654 3873 4704 r.,

1152 4730 1390 4784 ’Vnt-..-
1381 4746 1474 4783 -ιιο
1497 4725 1668 4802 5960,
1696 4726 1792 4783 rol.
1821 4726 1894 4795 34
1919 4747 1964 4784 r.
1973 4727 2286 4803 ‚hospiciis
2312 4746 2442 4785 sus-
2509 4743 2751 4802 manque
2775 4723 2913 4780 dans
2936 4722 2989 4780 le
3019 4727 3083 4779 n
3107 4719 3272 4798 5958.

1081 4818 1228 4888 cepti
1223 4835 1253 4871 s
1280 4825 1335 4870 et
1361 4814 1654 4871 restitutis.
