4666 6014
1055 668 1199 739 254
1527 658 2214 738 CHRONIGORUM
2263 658 2621 734 KAROLI
2670 658 2957 733 SEXTI
3006 659 3182 736 ΗΒ.
3238 659 3366 734 111.

1052 816 1330 895 ceteris
1369 829 1633 892 autem
1665 808 1808 891 diu
1836 812 1922 889 in
1955 810 2408 892 carceribus
2443 808 2821 909 detentis,
2858 811 3083 890 omni
3114 835 3490 920 processu
3521 811 3854 919 rejecto,

1050 951 1536 1065 querebatur
1579 950 1647 1028 si
1693 946 2329 1029 misericordiam
2381 948 2823 1056 poscebant
2847 964 2986 1027 aut
3040 949 3430 1054 rigorem3
3470 949 3616 1060 qui
3666 952 3855 1060 quia

1053 1118 1256 1169 onus
1328 1085 1553 1168 civile
1631 1086 1857 1166 oneri
1923 1085 2317 1167 criminali
2386 1085 2950 1197 preponebant
3022 1113 3173 1195 pro
3244 1089 3857 1167 conservacione

1051 1229 1206 1306 vite
1227 1290 1246 1325 ‚
1290 1229 1551 1335 ipsam
1592 1221 1981 1304 redimere
2030 1226 2456 1334 opportuit
2503 1222 2607 1304 ad
2645 1222 2996 1304 valorem
3026 1220 3471 1304 mobilium.
3510 1225 3639 1304 Ab
3679 1225 3854 1305 aliis

1048 1382 1347 1460 autem,
1385 1363 1526 1475 qui
1576 1359 2003 1471 ampliores
2054 1362 2595 1470 possessiones
2646 1339 2919 1444 tenere
2966 1358 3476 1458 dicebantur,
3517 1362 3669 1441 sub
3716 1392 3854 1442 ac-

1049 1497 1532 1580 commodati
1590 1497 1825 1577 titulo
1875 1475 2236 1605 ingentes
2289 1499 2713 1608 peccunias
2743 1498 3132 1579 violenter
3189 1516 3271 1578 et
3325 1496 3427 1577 ad
3477 1498 3853 1606 placitum

1048 1654 1483 1746 exegerunt
1500 1697 1519 1732 ‚
1539 1615 1748 1746 'quas
1778 1634 2265 1743 opportebat
2294 1635 2601 1716 solvere
2637 1637 2811 1715 sine
2845 1662 3074 1714 mora
3111 1653 3203 1715 ut
3235 1634 3631 1744 ergastula
3657 1638 3853 1715 vita-

1049 1793 1251 1855 rent.
1299 1773 1447 1853 Per
1481 1773 1698 1877 hunc
1739 1769 2070 1852 modum
2115 1773 2201 1852 in
2243 1772 2656 1853 nonnullis
2689 1773 2863 1853 aliis
2897 1773 3357 1852 civitatibus
3391 1773 3847 1853 innumera-

1047 1912 1243 1993 biles
1269 1912 1689 2021 peccunias
1717 1909 2208 2017 collegerunt
2226 1971 2245 2007 ‚
2278 1937 2427 1989 nec
2455 1906 2645 1989 inde
2673 1909 2936 2018 regale
2958 1910 3308 1989 erarium
3325 1904 3671 1988 ditatum
3703 1928 3846 1992 est.

1045 2049 1254 2127 Nam
1293 2048 1522 2159 quasi
1560 2044 2036 2125 exhaustum
2071 2047 2395 2155 penitus
2428 2044 2796 2126 financiis
2852 2064 3055 2126 esset
3080 2107 3099 2143 ,
3134 2043 3563 2155 cupiditas,
3598 2046 3851 2126 aliene

1045 2181 1497 2265 substancie
1542 2176 1991 2260 avidissima
2024 2207 2323 2289 vorago
2346 2244 2366 2280 ‚
2401 2180 2815 2263 adinvenit
2846 2200 2939 2263 ut
2976 2180 3356 2291 deinceps
3381 2245 3400 2280 ‚
3443 2161 3847 2263 alternatis

1043 2319 1349 2402 vicibus
1370 2383 1389 2418 ,
1424 2319 1634 2424 ultra
1668 2319 2121 2399 exactiones
2151 2322 2408 2430 regias
2449 2309 2795 2434 populus
2848 2325 3077 2432 regni
3112 2339 3526 2430 cogeretur
3560 2318 3665 2401 ad
3699 2325 3849 2401 tri-

1045 2460 1332 2538 butum
1376 2483 1734 2570 annuum
1786 2453 2406 2564 persolvendum
2432 2456 2874 2570 secundum
2917 2459 3265 2541 valorem
3298 2455 3738 2564 resdituum
3771 2479 3852 2539 et

1045 2596 1461 2692 mobilium
1504 2592 2031 2702 singulorum.
