4666 6014
1072 697 1215 769 268
1553 693 2234 768 CHRONICORUM
2283 690 2639 766 KAROLI
2686 685 2973 766 813le
3022 689 3198 767 LIB.
3253 687 3382 769 lv.

1073 847 1355 922 suisset
1396 869 1815 923 numerum
1833 905 1853 942 ,
1899 844 2239 953 regalem
2282 842 2472 923 ferit
2521 842 2878 923 animum
2914 870 3124 924 nova
3162 873 3386 942 cura3
3426 860 3510 923 et
3544 842 3853 952 Ypram

1074 977 1445 1086 Anglicos
1478 1007 1657 1058 cum
1697 981 1762 1058 F
1763 979 2320 1061 landrensibus
2359 980 2910 1090 impugnatam
2953 981 3146 1060 totis
3173 979 3480 1060 viribus
3519 984 3852 1062 nuncia-

1071 1132 1229 1212 tur,
1264 1143 1407 1196 nec
1443 1116 1782 1226 amplius
1811 1121 2151 1229 impetus
2183 1118 2539 1197 hostium
2568 1120 2736 1227 pati
2775 1145 3045 1227 posse,
3076 1118 3231 1197 nisi
3269 1115 3606 1202 obsessis
3637 1118 3855 1198 labo-

1071 1252 1438 1333 rantibus
1466 1282 1928 1334 succurrere
1953 1272 2413 1356 maturaret.
2437 1255 2823 1355 Quamvis
2851 1253 3047 1336 urbs
3078 1255 3163 1333 in
3194 1253 3534 1363 planicie
3560 1254 3855 1334 consti-

1070 1379 1266 1488 tuta,
1287 1389 1661 1472 bellicoso
1681 1391 1970 1472 referta
1992 1394 2321 1502 popu10,
2341 1390 3104 1501 incomparabilibus
3124 1387 3460 1470 edificiis
3484 1388 3850 1499 publiciS,

1068 1527 1317 1605 muris
1349 1544 1428 1606 et
1455 1528 1816 1608 turribus
1848 1529 2238 1610 similibus
2255 1532 2281 1573 ¹
2309 1535 2392 1608 et
2424 1526 2652 1608 valde
2677 1526 3049 1635 dempsis,
3081 1554 3324 1635 opere
3352 1524 3611 1606 solido
3644 1554 3853 1607 com·-

1069 1663 1354 1769 pactiS,
1398 1665 1735 1772 insignis
1773 1662 2207 1745 admodum
2241 1684 2446 1744 esset
2486 1682 2567 1743 et
2615 1665 2919 1746 munita
2941 1725 2961 1762 ,
2996 1663 3271 1744 hostes
3308 1681 3576 1745 tamen
3614 1663 3853 1772 hujus

1067 1800 1230 1877 vias
1272 1818 1352 1877 et
1398 1801 1777 1880 introitus
1833 1829 2014 1880 cum
2055 1803 2276 1881 omni
2329 1799 2867 1881 sollicitudine
2914 1800 3490 1899 observabant,
3540 1827 3642 1880 ne
3692 1819 3851 1880 ter-

1066 1937 1302 2014 restri
1341 1937 1627 2016 itinere
1667 1934 1769 2015 ad
1815 1965 1954 2017 eos
1994 1939 2173 2048 quis
2219 1934 2623 2018 accederet
2662 1937 2783 2017 vel
2812 1938 3184 2018 victualia
3223 1935 3622 2018 defferret.
3673 1938 3851 2038 Que

1066 2074 1337 2152 omnia
1376 2102 1517 2153 rex
1569 2101 1753 2153 cum
1811 2073 2176 2184 apicibus
2217 2059 2534 2154 comitis
2576 2072 2957 2154 Flandrie
2998 2072 3440 2172 didicisset,
3487 2091 3566 2155 et
3601 2101 3852 2186 quan-

1064 2224 1236 2286 tum
1272 2206 1712 2317 dampnum
1738 2238 1837 2290 ex
1863 2207 2284 2290 dedicione
2307 2211 2478 2319 ejus
2510 2239 2763 2320 regno
2793 2211 3288 2320 proveniret,
3323 2213 3511 2323 quia
3542 2239 3848 2291 moram

1065 2348 1481 2425 necessitas
1544 2346 1819 2426 ultima
1882 2376 2049 2427 non
2108 2334 2418 2428 ferebat
2444 2410 2463 2445 ,
2522 2349 2910 2428 interiora
2966 2347 3031 2426 F
3034 2345 3344 2427 landrie
3404 2349 3805 2457 ingressus
3826 2412 3845 2447 ,

1062 2499 1320 2561 castra
1359 2485 1642 2563 metari
1690 2485 2057 2593 precepit
2075 2545 2094 2583 ,
2152 2501 2233 2564 et
2286 2486 2696 2564 instructis
2742 2483 3062 2565 aciebus
3108 2481 3212 2563 ad
3265 2479 3534 2565 hostes
3571 2487 3849 2567 statuit

1063 2617 1663 2726 properandum
1681 2682 1704 2720 ,
1745 2638 1993 2701 estate
2029 2621 2194 2731 jam
2242 2622 2327 2699 in
2371 2636 2904 2730 autumpnum
2945 2617 3416 2700 declinante.

1997 2911 2674 3019 CAPITULUM
2710 2913 2907 3002 ,ιιι

1062 3145 1149 3206 De
1189 3145 1341 3207 vinis
1372 3146 1646 3207 Flandrie
1686 3145 1940 3230 Bragues
1966 3161 2026 3210 et
2059 3148 2481 3231 vaelingues
2523 3147 2747 3229 Anglici
2772 3144 2957 3228 fugati
2985 3156 3124 3205 sunt
3142 3187 3161 3221 ,
3205 3157 3265 3206 et
3290 3156 3489 3226 postea
3516 3148 3581 3205 in
3611 3145 3748 3207 villa
3773 3146 3845 3206 de

2163 3253 2466 3316 Bous-boue
2499 3253 2731 3313 obsessi.

1173 3456 1545 3538 Adventu
1597 3462 1806 3568 regis
1835 3463 2185 3569 cognito
2252 3479 2332 3542 et
2380 3488 2564 3539 cum
2623 3457 2943 3570 quantis
3003 3453 3489 3537 accelerabat
3545 3457 3799 3563 copiis
3823 3516 3842 3551 ,

1062 3594 1415 3674 hostium
1442 3593 1700 3676 audax
1724 3599 2125 3678 temeritas
2156 3594 2557 3677 deferbuit
2571 3656 2590 3694 ,
2614 3611 2695 3674 et
2715 3593 3165 3703 Yprensem
3191 3591 3598 3672 solverunt
3624 3588 3801 3668 obsi
3815 3635 3841 3649 ·

1062 3728 1389 3810 dionem
1405 3792 1423 3829 ,
1447 3734 1677 3840 prius
1705 3733 2096 3814 suburbio
2120 3733 2302 3814 ville
2324 3732 2594 3812 voraci
2626 3728 2816 3810 dato
2845 3727 3255 3825 incendiO,
3281 3724 3504 3838 quod
3535 3726 3694 3805 situ
3724 3726 3844 3806 vel

1062 3869 1659 3976 magnificencia
1703 3872 2208 3979 publicorum
2249 3874 2905 3981 privatorumque
2935 3886 3325 3949 tectorum
3366 3893 3456 3944 ac
3493 3862 3848 3944 edificio-

1062 4034 1241 4084 rum
1278 4006 1466 4086 urbi
1508 4006 1807 4089 famose
1849 4009 2431 4119 preponebant.
2466 4007 2698 4089 Tunc
2744 4008 3032 4087 timore
3078 4004 3487 4113 perterriti
3534 4002 3803 4082 hostes
3823 4065 3841 4098 ,

1057 4140 1380 4223 leonum
1407 4161 1708 4224 mutata
1740 4145 2030 4254 effigie,
2056 4132 2402 4258 quorum
2434 4146 2842 4256 hucusque
2870 4142 3212 4249 speciem
3239 4136 3840 4249 pretenderant,

1059 4306 1284 4358 more
1320 4278 1685 4389 leporum
1724 4282 1912 4390 fiige
1954 4282 2285 4363 latibula
2317 4283 2820 4395 quesierunt3
2851 4304 3395 4390 quorsumque
3424 4274 3845 4356 tenderent

1060 4434 1339 4498 mutuo
1380 4420 1909 4530 inquirentes,
1949 4421 2211 4500 missis
2242 4419 2558 4499 nunciis
2602 4414 2704 4497 ad
2736 4416 2801 4495 F
2802 4415 3278 4523 lammingos
3298 4476 3317 4511 ,
3345 4415 3485 4525 qui
3514 4413 3842 4493 munici-

1061 4556 1385 4662 piorum
1405 4554 1669 4639 aditus
1701 4557 1999 4638 liberos
2036 4560 2563 4666 impetrarent
2580 4619 2600 4656 ,
2633 4582 2944 4638 summo
2970 4555 3167 4664 jugo
3197 4548 3495 4632 Montis
3524 4545 3839 4627 Casselli

1131 4831 1149 4882 ‘⁸
1198 4848 1335 4904 γαν.
1363 4874 1377 4900 .-
1400 4858 1463 4906 n·
1485 4848 1644 4926 5960,
1673 4850 1769 4907 fol.
1795 4848 1868 4920 54
1889 4870 1962 4922 r.,
1991 4851 2342 4907 sublimibus.
