4666 6014
1134 698 1229 771 98
1623 692 2313 769 CHRONICORUM
2360 694 2719 770 KAROLI
2767 695 3054 770 SEXTI
3099 696 3281 770 ΠΒ.
3336 698 3431 770 ΙΙ.

1133 851 1238 928 tis
1266 910 1286 947 ‚
1330 847 1629 928 frustra
1689 865 1956 927 tamen
1978 910 1997 947 ,
2042 849 2471 960 Aquitanis
2517 862 2829 959 semper
2873 847 2974 929 ad
3032 849 3576 931 resistenciam
3613 850 3938 958 paratis.

1134 983 1499 1065 Tandem
1520 1002 1787 1065 tamen
1811 988 2245 1066 vastacioni
2275 990 2533 1098 patrie
2562 964 2859 1069 nobilis
2894 1017 3157 1069 comes
3173 988 3378 1068 Fuxi
3408 989 3937 1097 compacienS,

1132 1123 1444 1203 bonnm
1482 1151 1905 1204 commune
1934 1123 2265 1203 utilitati
2299 1128 2633 1237 proprie
2671 1127 3027 1237 preferre
3064 1128 3546 1236 excogitavit
3568 1188 3586 1222 ,
3624 1143 3704 1206 et
3739 1153 3936 1204 con-

1137 1278 1405 1339 tentus
1444 1258 1724 1342 ducem
1766 1260 2273 1344 laudabiliter
2316 1262 2788 1363 debellasse,
2832 1294 3016 1346 cum
3065 1262 3347 1344 eodem
3393 1261 3664 1342 federe
3719 1263 3939 1371 pacis

1134 1399 1340 1477 inito
1372 1416 1453 1477 et
1475 1401 1990 1480 sacramentis
2012 1399 2304 1480 vallato
2328 1463 2348 1498 ,
2391 1430 2435 1480 a
2470 1403 2862 1511 regimine
2899 1403 3160 1512 patrie
3200 1431 3283 1482 se
3314 1399 3761 1482 voluntarie
3807 1398 3943 1478 ab—

1137 1533 1456 1615 dicavit.

1993 1702 1998 1706 ·
2092 1682 2776 1765 CAPITULUM
2834 1647 2979 1767 iv.

1460 1917 1550 1976 Dc
1580 1918 1877 1998 preposito·
1897 1915 2209 1981 parisiensi
2236 1940 2343 2001 per
2369 1921 2705 2001 episcopum
2736 1918 3117 1979 parisiensem
3145 1918 3596 1998 condempnato-

1247 2147 1468 2227 Inser
1495 2146 1895 2257 agendum
1926 2148 2323 2259 predicta,
2356 2150 2736 2232 dominus
2762 2152 3001 2260 Hugo
3032 2150 3437 2258 Aubryot,
3474 2149 3940 2228 parisiensis

1131 2287 1588 2393 prepositus
1613 2349 1631 2383 ,
1692 2289 2303 2397 suppositorum
2363 2290 2917 2370 Universitatis
2973 2287 3437 2366 Parisiensis
3501 2285 3938 2395 injuriosus

1132 2438 1666 2531 contemptor,
1693 2453 1934 2537 quem
1957 2445 2036 2506 et
2059 2427 2233 2536 ipsa
2261 2426 2751 2507 Universitas
2776 2443 3112 2536 propter
3139 2451 3417 2535 manus
3444 2423 3831 2503 violentas
3856 2424 3939 2500 in

1124 2587 1259 2640 eos
1305 2562 1674 2672 injectas,
1727 2560 2263 2674 dum-corpus
2311 2567 2538 2674 regis.
2565 2562 2924 2647 defuncti
2970 2562 3072 2644 de
3115 2581 3392 2644 sancto
3429 2562 3791 2641 Antonio
3837 2558 3936 2639 ad

1133 2696 1540 2779 ecclesiam
1560 2700 1788 2781 beate
1812 2700 2067 2783 Marie
2081 2703 2678 2802 transferretur,
2704 2732 2795 2782 ac
2814 2704 3063 2785 eciam
3088 2719 3423 2811 propter
3445 2698 3690 2781 multa
3709 2726 3942 2778 enor-

1132 2837 1293 2915 mia
1332 2837 1423 2915 in
1453 2837 1751 2917 clerum
1790 2856 1872 2918 et
1903 2839 2331 2921 Ecclesiam
2368 2842 2789 2923 commissa
2804 2902 2824 2939 ‚
2853 2840 3010 2921 huc
3037 2867 3288 2950 usque
3322 2852 3750 2946 prosequta
3767 2835 3940 2915 sue-

1134 2991 1299 3073 rat,
1355 2976 1609 3056 victus
1643 2977 2096 3077 succubuit,
2139 2975 2625 3088 judicialiter
2681 2975 3344 3086 condempnatus,
3405 2974 3508 3053 Et
3553 2974 3942 3085 quoniam

1134 3114 1345 3192 tanti
1367 3114 1522 3193 viri
1542 3116 2002 3214 auctoritas,
2036 3144 2283 3224 opum
2314 3114 2885 3196 habundancia
2918 3133 3157 3227 atque
3182 3114 3550 3206 severitas
3563 3113 3620 3207 ¹·‚
3647 3111 3941 3222 quibus

1137 3268 1669 3331 antecessores
1717 3254 2123 3362 superavit
2141 3315 2159 3351 ,
2213 3256 2642 3364 requirunt
2694 3271 2787 3332 ut
2835 3279 3060 3333 casus
3109 3247 3693 3361 aliquantulum
3739 3245 3942 3326 dila-

1136 3405 1384 3486 tetur,
1425 3389 1665 3498 paulo
1705 3390 1949 3470 alcius
1983 3388 2484 3487 inchoando,
2517 3390 2782 3502 aliqua
2816 3388 2916 3470 de
2946 3388 3310 3470 moribus
3330 3450 3349 3485 ‚
3383 3404 3592 3466 statu
3626 3402 3708 3464 et
3746 3414 3938 3465 con-

1133 3528 1593 3612 versacione
1629 3528 1878 3637 ipsius
1919 3529 2377 3610 summatim
2406 3529 2539 3608 hi'c
2571 3530 2939 3609 inseram.

1249 3662 1638 3744 Mediocri
1686 3664 2084 3778 siquidem
2141 3667 2552 3776 parentela
2614 3684 2880 3762 ortuS‚
2932 3661 3411 3772 burgundus
3475 3663 3742 3741 extitit
3793 3690 3936 3741 na-

1138 3801 1406 3906 cione,
1459 3819 1540 3880 et
1587 3804 1948 3913 quamvis
1996 3799 2145 3884 nec
2198 3803 2668 3915 eloquencia
2718 3829 2981 3916 neque
3030 3802 3373 3882 sciencia
3419 3800 3678 3880 clarus
3705 3859 3724 3893 ‚
3793 3825 3940 3875 nec

1133 3937 1712 4048 temporalibus
1730 3957 1968 4048 aptus
1989 3941 2333 4022 multum
2353 3938 2785 4038 videretur,
2814 3938 3385 4020 decurionibus
3410 3954 3675 4015 tamen
3697 3935 3940 4040 regiis

1137 4078 1405 4184 ipsum
1465 4078 1730 4186 primo
1795 4081 2325 4187 conspicuum
2376 4076 2663 4159 divicie
2716 4075 3249 4158 reddiderunt
3269 4137 3288 4172 ,
3341 4091 3435 4159 ,et
3492 4070 3941 4181 opitulante

1136 4210 1341 4294 duce
1361 4213 1858 4324 Burgundie,
1890 4217 1977 4295 in
2013 4218 2316 4324 regiam
2347 4215 2450 4297 de
2481 4246 2577 4299 eo
2607 4217 2819 4298 fama
2855 4217 2972 4295 sic
2997 4212 3302 4323 perlata
3332 4228 3485 4309 est,
3529 4228 3622 4291 ut
3651 4237 3943 4318 prepo-

1138 4354 1388 4432 siture
1421 4353 1889 4434 Parisiensis
1935 4353 2410 4462 fungeretur
2449 4354 2744 4435 officio.
2787 4350 3285 4432 Auctoritate
3326 4350 3671 4458 potitus,
3725 4365 3944 4426 ratus

1137 4519 1278 4574 sua
1308 4491 1742 4598 plurimum
1788 4493 2169 4571 interesse
2209 4511 2303 4573 ut
2343 4510 2901 4602 magnatorum
2941 4507 3026 4568 et
3054 4487 3698 4567 consiliariorum
3732 4484 3941 4591 regis

1136 4627 1492 4708 favorem
1532 4626 1771 4706 donis
1824 4645 1904 4706 et
1948 4626 2405 4736 dapsilitate
2456 4646 2867 4741 quereret,
2910 4628 3088 4706 istis
3133 4623 3566 4735 prepolens
3609 4622 3940 4731 opibus,

1214 4933 1228 4955 ¹
1264 4927 1543 4983 Severitas
1558 4938 1643 4984 est
1666 4930 1971 5002 emprunte
1995 4946 2069 4984 au
2084 4937 2153 4983 12⁰
2170 4925 2333 5003 5960,
2353 4927 2451 4984 fol.
2468 4926 2537 5006 37
2554 4947 2606 4984 v.
2635 4928 2711 4984 Le
2733 4936 2800 4982 n·
2817 4924 2988 5002 5958,
3009 4924 3104 4980 fol.
3134 4940 3195 4980 ια
3218 4942 3290 4990 r..
3312 4930 3475 4996 porte
3501 4920 3791 4974 serenitas.
