4666 6014
1035 574 1178 645 662
1489 564 2172 654 CHRONICORUM
2221 563 2577 641 KAROLI
2627 564 2912 638 SEXTI
2961 566 3139 640 ΠΒ.
3193 566 3328 639 XI.
3394 667 3401 674 ¹

1037 726 1462 819 miserunt,
1497 721 1636 831 qui
1684 716 1985 826 presidi
2043 717 2416 811 civitatis,
2473 716 3131 821 salvo-conductu
3180 720 3647 826 impetrato,
3683 721 3812 800 in·
3940 811 3947 817 ‚

1037 860 1483 939 tencionem
1549 884 1825 938 eorum
1890 871 2296 935 reseraret.
2367 856 2548 934 Hiis
2608 853 2883 935 datum
2939 869 3057 937 est
3115 856 3202 934 in
3268 854 3662 937 mandatis
3724 876 3813 937 ut

1039 995 1398 1074 dicerent
1460 991 1892 1073 Januenses
1946 1021 2128 1071 cum
2189 991 2390 1072 duce
2446 992 3016 1091 Borboniensi,
3079 992 3470 1073 avunculo
3542 995 3814 1102 magni

1037 1132 1659 1213 christianorum
1701 1131 1950 1238 regiS,
1985 1128 2395 1230 advenisse
2441 1129 2542 1210 ad
2574 1129 3146 1211 vindicandum
3185 1130 3516 1242 injurias
3555 1160 3816 1241 nuper

1038 1301 1082 1349 a
1125 1269 1576 1348 Sarracenis
1627 1268 1914 1366 illatas,
1974 1285 2053 1346 et
2100 1285 2191 1346 ut
2241 1264 2340 1346 ad
2376 1269 2931 1348 exterminium
2972 1269 3231 1375 patrie
3267 1287 3818 1376 grassarentur

1038 1406 1457 1504 hostiliter,
1502 1406 1654 1487 nisi
1698 1434 1875 1485 cum
1921 1405 2231 1484 civitate
2262 1406 2507 1512 eciam
2547 1405 3112 1514 compatriotas
3144 1402 3518 1485 redderet
3539 1466 3561 1504 ,
3610 1433 3814 1517 quos

1041 1572 1181 1623 rex
1225 1542 1544 1622 Tunicii
1586 1544 1672 1620 in
1717 1540 2224 1621 mendicitate
2262 1559 2343 1621 et
2385 1543 2600 1622 ferro
2639 1539 3007 1621 sedentes
3050 1541 3569 1650 injustissime
3606 1558 3817 1622 tene-

1043 1680 1212 1778 bat,
1249 1698 1822 1790 monerentque
1852 1696 1942 1758 ut
1991 1679 2436 1759 efficeretur
2483 1680 2986 1759 christianus
3032 1676 3423 1759 Admissis
3463 1680 3813 1778 nunciis,

1042 1847 1186 1897 nec
1222 1818 1375 1925 piis
1403 1817 1728 1896 auribus
1765 1815 2248 1923 legacionem
2284 1813 2614 1895 audiens
2650 1845 2667 1893 ε
2715 1849 2754 1890 α
2784 1816 2858 1894 N
2862 1814 2916 1893 il
2947 1813 3189 1896 michi
3211 1829 3243 1912 ,'
3272 1813 3536 1925 inquit
3553 1873 3575 1914 ,
3620 1816 3817 1893 huc-

1044 1989 1080 2026 «
1121 1983 1370 2063 usque
1432 1981 1853 2032 commune
1890 1953 2047 2032 fuit
2095 1980 2277 2034 cum
2330 1954 2954 2038 christianorum
2988 1981 3279 2062 magno
3325 1939 3529 2061 rege.
3582 1952 3818 2035 Utro·

1054 2126 1090 2166 r<
1125 2091 1366 2202 bique
1413 2089 1664 2171 illatas
1713 2089 2082 2196 injuriaS,
2131 2119 2327 2198 quas
2380 2116 2610 2198 pares
2665 2107 2993 2199 reput0,
3046 2119 3332 2171 censeo
3391 2088 3810 2198 indulgeri.

1057 2264 1091 2300 «
1138 2228 1541 2336 Captivos,
1581 2226 1731 2307 sub
1757 2225 1952 2334 jugo
1983 2227 2304 2324 miss05,
2355 2225 2818 2307 retinendos
2858 2229 3038 2338 jura
3077 2227 3468 2308 bellorum
3501 2228 3822 2336 permit-

1048 2401 1085 2440 «
1127 2383 1332 2445 tunt.
1362 2359 1516 2443 Sed
1542 2382 1621 2443 et
1646 2364 1852 2443 hanc
1885 2364 2513 2471 potentissimam
2545 2363 2864 2462 urbem,
2894 2393 3132 2476 quam
3158 2394 3201 2445 a
3231 2367 3821 2479 quinquaginta

1050 2537 1089 2576 <c
1128 2504 1361 2583 annis
1404 2499 2005 2582 custodiendam
2051 2502 2404 2608 suscepi,
2449 2500 2852 2583 dedicioni
2888 2530 3059 2581 non
3100 2502 3591 2606 submittam.
3626 2503 3821 2581 Pro-

1053 2675 1091 2716 «
1135 2640 1589 2748 genitorum
1638 2615 1890 2718 eciam
1938 2665 2274 2749 sequens
2305 2638 2673 2745 vestigia,
2725 2667 2906 2718 cum
2954 2640 3408 2721 cerimoniis
3460 2657 3741 2720 eorum
3776 2669 3823 2719 a

1056 2811 1094 2849 ι(
1135 2778 1483 2886 puericia
1529 2793 1608 2858 et
1646 2803 1897 2885 usque
1927 2773 2026 2854 ad
2062 2772 2546 2881 decrepitam
2586 2793 2876 2855 etatem
2914 2775 3361 2856 studuerim
3389 2774 3672 2856 devote
3704 2778 3823 2854 in-

1050 2949 1090 2989 «
1128 2916 1439 3013 sistere,
1504 2913 1908 2993 abhorreo
1960 2912 2130 2991 fieri
2202 2912 2766 3012 christianum;
2833 2910 2972 2993 sed
3037 2915 3296 2994 Deum
3357 2912 3823 2993 altissimum

1053 3086 1090 3126 (ε
1131 3052 1392 3131 solum
1425 3049 1664 3131 credo
1689 3112 1708 3150 ,
1746 3052 2055 3162 ipsique
2079 3047 2413 3128 intendo
2439 3111 2457 3147 ,
2490 3048 2874 3168 quamdiu
2906 3051 3214 3150 vixerO,
3248 3045 3631 3138 adherere
3651 3112 3670 3150 ,
3698 3052 3823 3156 cui

1053 3222 1091 3262 «
1131 3191 1514 3297 competit
1571 3188 1778 3297 leges
1833 3187 2179 3295 singulas
2237 3186 2598 3295 approba
2610 3215 2695 3266 re
2748 3205 2828 3267 et
2875 3217 3148 3268 earum
3203 3205 3826 3298 transgressores

1055 3359 1092 3398 «
1129 3318 1558 3436 justissime
1598 3323 2210 3434 condempnare.
2246 3359 2284 3399 >2

1166 3458 1332 3561 ‚Hec
1381 3462 1790 3555 audientes
1827 3436 2245 3542 christiani
2298 3463 2560 3543 villam
2612 3491 2891 3573 capere
2923 3464 3226 3545 viribus
3268 3463 3821 3562 decreverunt,

1060 3618 1141 3681 et
1178 3630 1320 3710 per
1358 3602 1562 3680 latus
1597 3629 1758 3711 quo
1800 3602 2000 3682 mari
2037 3602 2572 3712 propinquior
2611 3618 2819 3700 erat,
2866 3631 3043 3683 cum
3085 3629 3229 3711 per
3272 3599 3491 3682 aliud
3539 3601 3824 3712 nequi-

1058 3755 1242 3819 rent
1282 3738 1386 3817 ab
1418 3738 1781 3818 hostibus
1817 3738 2416 3846 diligentissime
2446 3737 2977 3838 custodit1m;
3019 3741 3631 3849 successivisque
3664 3736 3826 3818 die-

1051 3874 1203 3954 bus
1245 3893 1522 3986 quater
1550 3874 1883 3957 assultus
1922 3903 2102 3954 cum
2133 3876 2439 3981 sagittis
2467 3893 2546 3954 et
2575 3875 3003 3956 missilibus
3043 3878 3595 3985 potentissime
3616 3877 3831 3956 intu-

1060 4007 1359 4111 lerunt3
1399 4013 1485 4091 in
1517 4013 1809 4122 quibus
1835 4030 2101 4091 tamen
2130 4011 2460 4118 repulsi,
2497 4013 2849 4122 pejorem
2874 4012 3252 4093 calculum
3284 4030 3825 4123 reportarunt.

1056 4147 1261 4225 Nam
1293 4146 1497 4223 cives
1546 4146 1883 4235 telorum
1919 4144 2135 4251 jactu
2164 4206 2183 4242 ,
2237 4147 2700 4252 sagittarum
2744 4148 3266 4245 immissione,
3319 4148 3830 4241 contorsione

1061 4280 1414 4391 lapidum
1441 4341 1461 4379 ,
1519 4308 1687 4365 non
1741 4297 2051 4359 tantum
2114 4277 2215 4359 de
2272 4281 2646 4379 navibus,
2708 4279 2848 4361 sed
2910 4282 3293 4367 machinis
3343 4282 3865 4390 jaculatoriis.

1064 4419 1524 4499 emissarum
1564 4404 1743 4497 cum
1783 4416 2190 4497 horrendo
2230 4419 2533 4533 impetu
2579 4420 3189 4530 torquebantur,
3244 4439 3324 4517 et
3364 4436 3683 4499 nostros
3725 4417 3827 4497 ab

1066 4583 1375 4643 accessu
1431 4555 1640 4633 muri
1687 4552 2128 4662 propellere
2179 4554 2668 4656 nitebantur,
2738 4554 3133 4668 fiebatque
3179 4556 3479 4637 ibidem
3527 4572 3831 4665 strages

1069 4717 1378 4799 magna.
1406 4691 1613 4773 Nam
1634 4689 1961 4804 quidam
1991 4692 2541 4791 machinarum
2576 4694 2739 4774 ictu
2772 4695 2856 4787 in
2884 4686 3180 4775 frustra
3214 4693 3832 4781 conterebantur
