4666 6014
1095 655 1238 726 610
1579 643 2263 722 CHRONICORUM
2310 642 2667 722 mou
2716 643 3014 720 SEXTI·
3050 643 3228 720 Lm.
3282 642 3388 718 X.

1096 799 1362 877 filiam·
1394 797 1697 876 sororis
1748 796 2170 902 genitoris,
2225 793 2672 890 honorifice
2721 795 3055 903 νεωρίῳ
3105 821 3354 904 quam
3395 791 3652 876 frater
3709 795 3883 904 ejus

1092 934 1256 1015 dux
1317 933 1677 1014 Turonie
1746 939 2168 1043 comesque
2225 931 2518 1011 Valesii
2582 928 3031 1012 Ludovicus
3059 991 3078 1029 ‚
3140 931 3369 1044 prius
3427 958 3670 1040 super
3722 931 3880 1010 hoc

1094 1071 1363 1150 habita
1392 1067 1996 1178 dispensacione
2029 1095 2260 1177 pape,
2296 1064 2844 1175 desponsavit3
2869 1066 3146 1178 ibique
3175 1065 3564 1146 solemnes
3587 1068 3879 1175 nupcie

1095 1226 1413 1316 peracte
1446 1224 1641 1286 sunt
1675 1206 1912 1314 regiis
1962 1204 2417 1318 sumptibus
2458 1220 2537 1282 et
2574 1204 2964 1312 expensis,

1207 1341 1844 1426 Coronacionem
1895 1344 2169 1452 regine
2222 1344 2308 1424 in
2354 1340 2535 1421 villa
2589 1340 3013 1422 Parisiensi
3069 1367 3249 1422 cum
3281 1368 3592 1421 summo
3631 1370 3879 1451 appa-

1092 1499 1271 1562 ratu
1298 1481 1460 1592 jam
1496 1497 1881 1566 statuerat
1913 1477 2249 1562 reddere
2280 1478 2748 1590 gloriosam3
2784 1495 2866 1560 et
2889 1494 2983 1558 ut
3009 1476 3522 1560 observancie
3551 1480 3881 1590 antique

1097 1620 1182 1697 in
1244 1616 1636 1697 similibus
1706 1634 2083 1702 consuete
2153 1632 2685 1714 servarentur,
2749 1611 3162 1700 dominam
3220 1615 3579 1723 reginam
3637 1615 3879 1695 Blan-

1097 1755 1326 1835 cham
1350 1814 1371 1852 ‚
1430 1751 1838 1864 quondam
1891 1756 2100 1863 regis
2154 1753 2510 1862 Philippi
2578 1780 2914 1833 uxorem
2931 1814 2952 1849 ‚
3013 1749 3493 1832 dominabus
3548 1752 3613 1830 F
3615 1755 3882 1833 rancie

1096 1890 1666 1998 antiquiorem,
1691 1977 1699 1986 ‚
1720 1890 2035 1997 rogavit
2073 1905 2166 1968 ut
2214 1916 2344 1969 eas
2393 1884 2501 1967 ad
2543 1889 3004 1968 memoriam
3036 1885 3422 1967 reducens
3440 1948 3460 1986 ,
3509 1884 3881 1969 decenter

1095 2054 1321 2106 more
1372 2026 1820 2135 priscorum
1871 2023 2355 2134 dirigeretur
2405 2026 2490 2104 in
2529 2022 2886 2133 agendis,
2937 2025 3108 2105 Hac
3160 2017 3276 2103 de‘
3297 2052 3531 2104 causa
3565 2052 3885 2104 venera-

1098 2164 1282 2243 bilis
1357 2163 1635 2271 regina
1658 2225 1677 2261 ‚
1733 2163 2055 2266 ecclesie
2108 2161 2322 2243 beati
2366 2163 2735 2271 Dyonisii
2790 2160 3115 2243 annales
3166 2160 3462 2242 revolvi
3517 2161 3754 2272 jussit
3802 2180 3882 2242 et

1094 2302 1396 2414 inquiri
1467 2304 1908 2414 priscarum
1964 2304 2474 2383 inunctiones
2531 2301 3037 2409 reginarum;
3104 2326 3302 2411 quas
3354 2300 3543 2410 quia
3613 2301 3880 2382 minus
3929 2327 3936 2333 ·

1096 2437 1578 2519 sufficientes
1631 2440 2031 2550 reputavit
2054 2500 2073 2536 ‚
2128 2466 2310 2519 cum
2375 2440 2462 2518 in
2532 2465 2695 2550 quo
2765 2438 3148 2517 comitatu
3206 2435 3325 2516 vel
3381 2455 3674 2518 ornatu
3727 2439 3882 2519 hoc

1096 2604 1384 2658 munus
1413 2576 1761 2660 solemne
1793 2593 2303 2688 susceperant
2336 2577 2664 2656 minime
2694 2576 3230 2673 continerent,
3259 2573 3559 2656 idcireo
3588 2574 3691 2657 ad
3709 2605 3881 2659 sue-

1093 2710 1555 2796 oedencium
1594 2714 1973 2796 noticiam
2016 2709 2428 2820 quomodo
2482 2709 2568 2791 id
2615 2728 2879 2793 actuun
2922 2711 3168 2792 fuerit
3217 2712 3537 2820 scriptis
3588 2740 3874 2798 censeo

1096 2846 1645 2955 redigendum.

1209 2985 1511 3094 Regina
1550 3014 1747 3094 ergo
1778 2987 2109 3067 Francie
2149 2984 2251 3066 de
2287 2982 2710 3069 Meleduno
2751 2983 3067 3069 rediens
3105 2983 3209 3065 ad
3241 2984 3621 3068 Sanctum
3657 2988 3875 3097 Dyo—

1098 3123 1388 3202 nisium
1413 3184 1432 3220 ‚
1476 3122 1887 3234 utriusque
1928 3152 2157 3204 sexus
2207 3125 2783 3232 ingenuitatem
2832 3124 3167 3203 Francie
3210 3121 3460 3205 biduo
3508 3143 3874 3236 expecta-

1098 3258 1242 3353 vit,
1287 3246 1557 3366 ibique
1596 3257 1904 3340 domini
1945 3258 2045 3340 de
2070 3260 2455 3367 Turonis,
2490 3244 2819 3359 Bituria,
2845 3258 3304 3369 Burgundia
3341 3279 3421 3342 et
3446 3261 3546 3343 de
3573 3263 3878 3344 Borbo-

1098 3394 1235 3472 nio
1263 3422 1563 3475 summe
1587 3397 2079 3475 auctoritatis
2102 3393 2340 3476 duces
2362 3412 2441 3475 et
2468 3396 2706 3504 longe
2729 3397 3006 3476 ceteris
3029 3396 3399 3478 clariores
3432 3399 3834 3480 affuerunt
3853 3462 3873 3500 ,

1096 3531 1235 3636 qui
1283 3528 1413 3609 die
1467 3531 1825 3638 sequenti
1873 3529 2272 3611 dominica
2318 3560 2495 3611 eam
2545 3560 2789 3641 usque
2835 3533 3178 3613 Parisius
3227 3531 3513 3614 ducere
3562 3563 3878 3616 curave-

1098 3683 1310 3744 runt.
1344 3665 1445 3743 Et
1485 3665 1603 3743 hii
1641 3663 1962 3775 quidem
1984 3728 2003 3764 ‚
2040 3665 2204 3746 sole
2253 3664 2414 3747 diei
2454 3665 2716 3748 medio
2753 3667 3113 3748 radiante
3138 3731 3156 3767 ‚
3199 3670 3592 3750 nobilium
3627 3675 3874 3752 comi-

1094 3802 1252 3881 tiva
1288 3802 1454 3881 fere
1488 3801 1942 3884 incredibili
1994 3804 2303 3911 stipati,
2341 3832 2521 3884 cum
2576 3805 2852 3913 regina
2885 3806 3296 3905 exierunt3
3337 3834 3496 3918 que
3543 3806 3867 3916 quidem

1092 3940 1381 4018 vestitu
1419 3940 1673 4019 serico
1701 3940 2363 4021 interlucentibus
2395 3944 2653 4021 aureis
2688 3942 2871 4021 liliis
2905 3943 3412 4024 circumtecto
3451 3942 3864 4043 adornata,

1090 4072 1363 4153 lectica
1404 4093 1720 4155 arcuata
1780 4073 2238 4195 insessbau
2299 4094 2384 4156 et
2444 4104 2651 4177 eam,
2690 4096 2784 4158 ut
2840 4076 2939 4158 de
2997 4078 3361 4189 pluribus
3413 4099 3711 4162 taeeam
3764 4082 3864 4163 ad

1091 4208 1548 4290 evitandum
1599 4210 1933 4309 tedium,
1997 4211 2495 4321 Burgundie,
2556 4215 3003 4313 Barrensis‚
3050 4216 3351 4298 Biturie
3389 4235 3470 4298 et
3510 4218 3865 4300 Turonie

1090 4344 1395 4426 ducisse
1453 4350 1538 4426 in
1599 4345 1932 4458 depictis
2001 4367 2082 4429 et
2147 4328 2577 4435 deauratis
2611 4352 2979 4433 curribus
3038 4354 3600 4466 sequebantur.
3663 4356 3864 4436 Cum

1081 4498 1342 4562 autem
1373 4483 1775 4565 ecclesiam
1813 4488 2065 4567 sancti
2110 4488 2492 4589 Quintini
2533 4491 3188 4599 pertransissent,
3230 4490 3394 4575 dux
3422 4492 3862 4577 Lothorin-

1076 4618 1211 4724 gie
1230 4678 1255 4716 ‚
1302 4646 1562 4701 comes
1606 4617 2199 4718 d'Austrevant,
2244 4612 2452 4705 filius
2495 4626 2807 4711 comitis
2855 4626 3260 4728 Hauonie,
3319 4657 3499 4713 cum
3553 4630 3860 4739 ingenti

1084 4753 1419 4834 militum
1463 4755 2006 4857 multitudine,
2052 4762 2189 4868 qui
2234 4758 2333 4839 de
2365 4764 2761 4843 extraneis
2804 4764 2969 4847 oris
3001 4762 3527 4868 advenerant,
3563 4768 3677 4849 eis
3707 4767 3856 4847 ob-
