<?xml version="1.0" encoding="UTF-8"?>
<!DOCTYPE html PUBLIC "-//W3C//DTD XHTML 1.0 Transitional//EN"
    "http://www.w3.org/TR/xhtml1/DTD/xhtml1-transitional.dtd">
<html xmlns="http://www.w3.org/1999/xhtml" xml:lang="en" lang="en">
 <head>
  <title>
</title>
<meta http-equiv="Content-Type" content="text/html;charset=utf-8" />
  <meta name='ocr-system' content='tesseract 3.04.00' />
  <meta name='ocr-capabilities' content='ocr_page ocr_carea ocr_par ocr_line ocrx_word'/>
</head>
<body>
  <div class='ocr_page' id='page_1' title='image "./chroniquedureli00frangoog_0314.png"; bbox 0 0 4666 6014; ppageno 0'>
   <div class='ocr_carea' id='block_1_1' title="bbox 959 693 3969 4559">
    <p class='ocr_par' dir='ltr' id='par_1_1' title="bbox 1043 693 3381 807">
     <span class='ocr_line' id='line_1_1' title="bbox 1043 693 3381 807; baseline -0.004 -24"><span class='ocrx_word' id='word_1_1' title='bbox 1043 693 1194 807; x_wconf 30' lang='lat'>29⁰·</span> <span class='ocrx_word' id='word_1_2' title='bbox 1523 703 2209 784; x_wconf 70' lang='lat' dir='ltr'>CHROMCORUM</span> <span class='ocrx_word' id='word_1_3' title='bbox 2255 705 2612 786; x_wconf 85' lang='lat' dir='ltr'><strong>KAROLI</strong></span> <span class='ocrx_word' id='word_1_4' title='bbox 2663 701 2949 782; x_wconf 81' lang='lat' dir='ltr'><strong>SEXTI</strong></span> <span class='ocrx_word' id='word_1_5' title='bbox 3000 705 3177 780; x_wconf 73' lang='grc' dir='ltr'><strong>ΠΒ.</strong></span> <span class='ocrx_word' id='word_1_6' title='bbox 3235 703 3335 781; x_wconf 86' lang='lat' dir='ltr'><strong>lV</strong></span> <span class='ocrx_word' id='word_1_7' title='bbox 3351 753 3381 775; x_wconf 85' lang='grc'><strong>.,</strong></span> 
     </span>
    </p>

    <p class='ocr_par' dir='ltr' id='par_1_2' title="bbox 1043 855 3969 1667">
     <span class='ocr_line' id='line_1_2' title="bbox 1166 855 3856 971; baseline 0 -33"><span class='ocrx_word' id='word_1_8' title='bbox 1166 860 1568 938; x_wconf 81' lang='lat' dir='ltr'><strong>Oracione</strong></span> <span class='ocrx_word' id='word_1_9' title='bbox 1607 858 1834 938; x_wconf 84' lang='lat' dir='ltr'><strong>finita</strong></span> <span class='ocrx_word' id='word_1_10' title='bbox 1855 918 1878 955; x_wconf 86' lang='lat'><strong>,</strong></span> <span class='ocrx_word' id='word_1_11' title='bbox 1944 886 2140 971; x_wconf 85' lang='lat' dir='ltr'><strong>que,</strong></span> <span class='ocrx_word' id='word_1_12' title='bbox 2200 878 2282 940; x_wconf 86' lang='lat' dir='ltr'><strong>et</strong></span> <span class='ocrx_word' id='word_1_13' title='bbox 2315 861 2390 941; x_wconf 85' lang='lat' dir='ltr'><strong>si</strong></span> <span class='ocrx_word' id='word_1_14' title='bbox 2435 862 2522 940; x_wconf 88' lang='lat' dir='ltr'><strong>in</strong></span> <span class='ocrx_word' id='word_1_15' title='bbox 2580 856 3002 968; x_wconf 74' lang='lat' dir='ltr'><strong>superficie</strong></span> <span class='ocrx_word' id='word_1_16' title='bbox 3060 856 3489 940; x_wconf 76' lang='lat' dir='ltr'><strong>videbatur</strong></span> <span class='ocrx_word' id='word_1_17' title='bbox 3556 855 3856 938; x_wconf 79' lang='lat' dir='ltr'><strong>habere</strong></span> 
     </span>
     <span class='ocr_line' id='line_1_3' title="bbox 1050 977 3851 1108; baseline 0.001 -31"><span class='ocrx_word' id='word_1_18' title='bbox 1050 997 1606 1108; x_wconf 82' lang='lat' dir='ltr'><strong>apparenciam</strong></span> <span class='ocrx_word' id='word_1_19' title='bbox 1634 1059 1653 1097; x_wconf 87' lang='lat'><strong>,</strong></span> <span class='ocrx_word' id='word_1_20' title='bbox 1721 998 2204 1079; x_wconf 79' lang='lat' dir='ltr'><strong>intrinsecus</strong></span> <span class='ocrx_word' id='word_1_21' title='bbox 2265 1013 2537 1082; x_wconf 82' lang='lat' dir='ltr'><strong>tamen</strong></span> <span class='ocrx_word' id='word_1_22' title='bbox 2605 977 2824 1077; x_wconf 75' lang='lat' dir='ltr'><strong>virus</strong></span> <span class='ocrx_word' id='word_1_23' title='bbox 2873 995 3325 1079; x_wconf 82' lang='lat' dir='ltr'>occultabat</span> <span class='ocrx_word' id='word_1_24' title='bbox 3359 994 3812 1079; x_wconf 82' lang='lat' dir='ltr'><strong>admixtum</strong></span> <span class='ocrx_word' id='word_1_25' title='bbox 3833 1061 3851 1094; x_wconf 89' lang='lat'><strong>,</strong></span> 
     </span>
     <span class='ocr_line' id='line_1_4' title="bbox 1048 1107 3852 1246; baseline 0 -31"><span class='ocrx_word' id='word_1_26' title='bbox 1048 1152 1355 1215; x_wconf 89' lang='lat' dir='ltr'><strong>semoto</strong></span> <span class='ocrx_word' id='word_1_27' title='bbox 1409 1133 1853 1216; x_wconf 83' lang='lat' dir='ltr'><strong>mediatore</strong></span> <span class='ocrx_word' id='word_1_28' title='bbox 1914 1136 2243 1238; x_wconf 79' lang='lat' dir='ltr'><strong>federis,</strong></span> <span class='ocrx_word' id='word_1_29' title='bbox 2301 1138 2635 1218; x_wconf 85' lang='lat' dir='ltr'><strong>fuerunt</strong></span> <span class='ocrx_word' id='word_1_30' title='bbox 2696 1137 2782 1216; x_wconf 90' lang='lat' dir='ltr'><strong>in</strong></span> <span class='ocrx_word' id='word_1_31' title='bbox 2843 1136 3325 1216; x_wconf 89' lang='lat' dir='ltr'><strong>consistorio</strong></span> <span class='ocrx_word' id='word_1_32' title='bbox 3387 1107 3852 1246; x_wconf 81' lang='lat' dir='ltr'><strong>principum</strong></span> 
     </span>
     <span class='ocr_line' id='line_1_5' title="bbox 1046 1274 3969 1391; baseline 0 -37"><span class='ocrx_word' id='word_1_33' title='bbox 1046 1274 1337 1354; x_wconf 82' lang='lat' dir='ltr'>milites</span> <span class='ocrx_word' id='word_1_34' title='bbox 1404 1292 1613 1356; x_wconf 84' lang='lat' dir='ltr'><strong>etate</strong></span> <span class='ocrx_word' id='word_1_35' title='bbox 1675 1305 1985 1388; x_wconf 71' lang='lat' dir='ltr'><strong>graves»,</strong></span> <span class='ocrx_word' id='word_1_36' title='bbox 2047 1279 2131 1358; x_wconf 90' lang='lat' dir='ltr'><strong>in</strong></span> <span class='ocrx_word' id='word_1_37' title='bbox 2186 1279 2483 1391; x_wconf 89' lang='lat' dir='ltr'><strong>quibus</strong></span> <span class='ocrx_word' id='word_1_38' title='bbox 2527 1294 2794 1357; x_wconf 89' lang='lat' dir='ltr'><strong>tamen</strong></span> <span class='ocrx_word' id='word_1_39' title='bbox 2845 1275 3165 1386; x_wconf 85' lang='lat' dir='ltr'><strong>vigebat</strong></span> <span class='ocrx_word' id='word_1_40' title='bbox 3212 1276 3326 1356; x_wconf 85' lang='lat' dir='ltr'><strong>vis</strong></span> <span class='ocrx_word' id='word_1_41' title='bbox 3368 1277 3619 1355; x_wconf 88' lang='lat' dir='ltr'><strong>animi</strong></span> <span class='ocrx_word' id='word_1_42' title='bbox 3665 1303 3854 1355; x_wconf 88' lang='lat' dir='ltr'><strong>con-</strong></span> <span class='ocrx_word' id='word_1_43' title='bbox 3964 1361 3969 1366; x_wconf 58' lang='grc'>,</span> 
     </span>
     <span class='ocr_line' id='line_1_6' title="bbox 1046 1401 3851 1528; baseline 0.001 -38"><span class='ocrx_word' id='word_1_44' title='bbox 1046 1411 1394 1524; x_wconf 85' lang='lat' dir='ltr'><strong>siliique,</strong></span> <span class='ocrx_word' id='word_1_45' title='bbox 1442 1441 1791 1524; x_wconf 87' lang='lat' dir='ltr'><strong>quorum</strong></span> <span class='ocrx_word' id='word_1_46' title='bbox 1839 1418 2199 1496; x_wconf 90' lang='lat' dir='ltr'><strong>omnium</strong></span> <span class='ocrx_word' id='word_1_47' title='bbox 2244 1401 2535 1498; x_wconf 68' lang='lat' dir='ltr'><strong>‘Petrus</strong></span> <span class='ocrx_word' id='word_1_48' title='bbox 2584 1413 2684 1495; x_wconf 90' lang='lat' dir='ltr'><strong>de</strong></span> <span class='ocrx_word' id='word_1_49' title='bbox 2729 1413 3168 1498; x_wconf 88' lang='lat' dir='ltr'><strong>Villaribus</strong></span> <span class='ocrx_word' id='word_1_50' title='bbox 3210 1411 3421 1496; x_wconf 87' lang='lat' dir='ltr'><strong>vices</strong></span> <span class='ocrx_word' id='word_1_51' title='bbox 3460 1423 3851 1528; x_wconf 78' lang='lat' dir='ltr'><strong>&#39;exequtus</strong></span> 
     </span>
     <span class='ocr_line' id='line_1_7' title="bbox 1043 1530 3673 1667; baseline 0.002 -34"><span class='ocrx_word' id='word_1_52' title='bbox 1043 1554 1158 1633; x_wconf 88' lang='lat' dir='ltr'><strong>sic</strong></span> <span class='ocrx_word' id='word_1_53' title='bbox 1215 1553 1301 1632; x_wconf 90' lang='lat' dir='ltr'><strong>in</strong></span> <span class='ocrx_word' id='word_1_54' title='bbox 1360 1550 1816 1634; x_wconf 85' lang='lat' dir='ltr'><strong>substancia</strong></span> <span class='ocrx_word' id='word_1_55' title='bbox 1862 1553 2186 1667; x_wconf 90' lang='lat' dir='ltr'><strong>loqutus</strong></span> <span class='ocrx_word' id='word_1_56' title='bbox 2245 1573 2420 1637; x_wconf 86' lang='lat' dir='ltr'><strong>est:</strong></span> <span class='ocrx_word' id='word_1_57' title='bbox 3656 1530 3673 1538; x_wconf 26' lang='grc' dir='ltr'>ι</span> 
     </span>
    </p>

    <p class='ocr_par' dir='ltr' id='par_1_3' title="bbox 959 1689 3855 4559">
     <span class='ocr_line' id='line_1_8' title="bbox 1161 1689 3851 1806; baseline 0.003 -43"><span class='ocrx_word' id='word_1_58' title='bbox 1161 1725 1197 1763; x_wconf 95' lang='lat'>«</span> <span class='ocrx_word' id='word_1_59' title='bbox 1237 1690 1332 1770; x_wconf 87' lang='lat' dir='ltr'><strong>In</strong></span> <span class='ocrx_word' id='word_1_60' title='bbox 1385 1691 1595 1772; x_wconf 85' lang='lat' dir='ltr'><strong>hauc</strong></span> <span class='ocrx_word' id='word_1_61' title='bbox 1653 1695 2179 1793; x_wconf 79' lang='lat' dir='ltr'><strong>sentenciam,</strong></span> <span class='ocrx_word' id='word_1_62' title='bbox 2241 1696 2514 1806; x_wconf 89' lang='lat' dir='ltr'><strong>inquit</strong></span> <span class='ocrx_word' id='word_1_63' title='bbox 2547 1756 2567 1792; x_wconf 88' lang='lat'><strong>,</strong></span> <span class='ocrx_word' id='word_1_64' title='bbox 2630 1693 3130 1776; x_wconf 78' lang='lat' dir='ltr'><strong>serenissime</strong></span> <span class='ocrx_word' id='word_1_65' title='bbox 3180 1689 3562 1789; x_wconf 80' lang='lat' dir='ltr'><strong>domine,</strong></span> <span class='ocrx_word' id='word_1_66' title='bbox 3620 1690 3851 1774; x_wconf 83' lang='lat' dir='ltr'><strong>multi</strong></span> 
     </span>
     <span class='ocr_line' id='line_1_9' title="bbox 1043 1819 3855 1942; baseline 0.003 -43"><span class='ocrx_word' id='word_1_67' title='bbox 1043 1861 1082 1899; x_wconf 87' lang='lat'>«</span> <span class='ocrx_word' id='word_1_68' title='bbox 1121 1828 1652 1928; x_wconf 85' lang='lat' dir='ltr'><strong>conveniunt,</strong></span> <span class='ocrx_word' id='word_1_69' title='bbox 1677 1819 2099 1942; x_wconf 77' lang='lat' dir='ltr'><strong>&#39;’quod-via</strong></span> <span class='ocrx_word' id='word_1_70' title='bbox 2148 1829 2374 1912; x_wconf 90' lang='lat' dir='ltr'><strong>ducis</strong></span> <span class='ocrx_word' id='word_1_71' title='bbox 2426 1848 2787 1941; x_wconf 86' lang='lat' dir='ltr'><strong>pretacta</strong></span> <span class='ocrx_word' id='word_1_72' title='bbox 2842 1857 2989 1910; x_wconf 91' lang='lat' dir='ltr'><strong>nec</strong></span> <span class='ocrx_word' id='word_1_73' title='bbox 3040 1829 3344 1910; x_wconf 85' lang='lat' dir='ltr'><strong>amicos</strong></span> <span class='ocrx_word' id='word_1_74' title='bbox 3391 1845 3656 1937; x_wconf 83' lang='lat' dir='ltr'><strong>parat,</strong></span> <span class='ocrx_word' id='word_1_75' title='bbox 3702 1856 3855 1908; x_wconf 85' lang='lat' dir='ltr'><strong>nec</strong></span> 
     </span>
     <span class='ocr_line' id='line_1_10' title="bbox 1045 1962 3848 2079; baseline -0 -35"><span class='ocrx_word' id='word_1_76' title='bbox 1045 1998 1081 2036; x_wconf 89' lang='lat'>«</span> <span class='ocrx_word' id='word_1_77' title='bbox 1121 1962 1620 2045; x_wconf 77' lang='lat' dir='ltr'><strong>adversarios</strong></span> <span class='ocrx_word' id='word_1_78' title='bbox 1675 1967 1910 2047; x_wconf 90' lang='lat' dir='ltr'><strong>tollit.</strong></span> <span class='ocrx_word' id='word_1_79' title='bbox 1943 1967 2300 2048; x_wconf 82' lang='lat' dir='ltr'><strong>‘Servate</strong></span> <span class='ocrx_word' id='word_1_80' title='bbox 2368 1966 2616 2048; x_wconf 85' lang='lat' dir='ltr'><strong>modo</strong></span> <span class='ocrx_word' id='word_1_81' title='bbox 2674 1993 2881 2079; x_wconf 84' lang='lat' dir='ltr'><strong>quos</strong></span> <span class='ocrx_word' id='word_1_82' title='bbox 2941 1967 3263 2046; x_wconf 79' lang='lat' dir='ltr'><strong>vincere</strong></span> <span class='ocrx_word' id='word_1_83' title='bbox 3327 1966 3663 2075; x_wconf 72' lang='lat' dir='ltr'><strong>potestis</strong></span> <span class='ocrx_word' id='word_1_84' title='bbox 3725 1967 3848 2044; x_wconf 85' lang='lat' dir='ltr'><strong>vel</strong></span> 
     </span>
     <span class='ocr_line' id='line_1_11' title="bbox 1045 2097 3847 2213; baseline 0.004 -41"><span class='ocrx_word' id='word_1_85' title='bbox 1045 2133 1084 2172; x_wconf 94' lang='lat'>«</span> <span class='ocrx_word' id='word_1_86' title='bbox 1123 2097 1414 2180; x_wconf 87' lang='lat' dir='ltr'><strong>odibili</strong></span> <span class='ocrx_word' id='word_1_87' title='bbox 1471 2102 1669 2212; x_wconf 83' lang='lat' dir='ltr'><strong>jugo</strong></span> <span class='ocrx_word' id='word_1_88' title='bbox 1731 2101 2321 2213; x_wconf 68' lang='lat' dir='ltr'><strong>redempcionis</strong></span> <span class='ocrx_word' id='word_1_89' title='bbox 2380 2099 2887 2184; x_wconf 83' lang='lat' dir='ltr'><strong>submittere!</strong></span> <span class='ocrx_word' id='word_1_90' title='bbox 2933 2103 3044 2182; x_wconf 85' lang='lat' dir='ltr'><strong>Ea</strong></span> <span class='ocrx_word' id='word_1_91' title='bbox 3102 2119 3224 2184; x_wconf 85' lang='lat' dir='ltr'><strong>est</strong></span> <span class='ocrx_word' id='word_1_92' title='bbox 3274 2102 3608 2212; x_wconf 85' lang='lat' dir='ltr'><strong>Anglica</strong></span> <span class='ocrx_word' id='word_1_93' title='bbox 3651 2127 3847 2210; x_wconf 86' lang='lat' dir='ltr'><strong>gens</strong></span> 
     </span>
     <span class='ocr_line' id='line_1_12' title="bbox 1044 2238 3847 2356; baseline 0.003 -46"><span class='ocrx_word' id='word_1_94' title='bbox 1044 2269 1082 2310; x_wconf 88' lang='lat'>«</span> <span class='ocrx_word' id='word_1_95' title='bbox 1125 2238 1655 2319; x_wconf 88' lang='lat' dir='ltr'><strong>intractabilis</strong></span> <span class='ocrx_word' id='word_1_96' title='bbox 1686 2301 1705 2338; x_wconf 88' lang='lat'>‚</span> <span class='ocrx_word' id='word_1_97' title='bbox 1757 2268 1914 2354; x_wconf 92' lang='lat' dir='ltr'><strong>que</strong></span> <span class='ocrx_word' id='word_1_98' title='bbox 1970 2267 2520 2323; x_wconf 84' lang='lat' dir='ltr'><strong>mansuescere</strong></span> <span class='ocrx_word' id='word_1_99' title='bbox 2588 2243 2844 2322; x_wconf 89' lang='lat' dir='ltr'><strong>nescit</strong></span> <span class='ocrx_word' id='word_1_100' title='bbox 2920 2244 3008 2321; x_wconf 90' lang='lat' dir='ltr'><strong>in</strong></span> <span class='ocrx_word' id='word_1_101' title='bbox 3071 2239 3338 2356; x_wconf 86' lang='lat' dir='ltr'><strong>quiete</strong></span> <span class='ocrx_word' id='word_1_102' title='bbox 3368 2303 3386 2339; x_wconf 91' lang='lat'><strong>,</strong></span> <span class='ocrx_word' id='word_1_103' title='bbox 3453 2258 3534 2320; x_wconf 92' lang='lat' dir='ltr'><strong>et</strong></span> <span class='ocrx_word' id='word_1_104' title='bbox 3605 2265 3847 2356; x_wconf 82' lang='lat' dir='ltr'><strong>quam</strong></span> 
     </span>
     <span class='ocr_line' id='line_1_13' title="bbox 1043 2375 3846 2484; baseline 0.001 -31"><span class='ocrx_word' id='word_1_105' title='bbox 1043 2409 1080 2446; x_wconf 89' lang='lat'>«</span> <span class='ocrx_word' id='word_1_106' title='bbox 1122 2375 1513 2484; x_wconf 89' lang='lat' dir='ltr'><strong>ampliora</strong></span> <span class='ocrx_word' id='word_1_107' title='bbox 1559 2375 1949 2460; x_wconf 84' lang='lat' dir='ltr'><strong>beneficia</strong></span> <span class='ocrx_word' id='word_1_108' title='bbox 1993 2379 2689 2463; x_wconf 73' lang='lat' dir='ltr'><strong>i&#39;nclemenciorem</strong></span> <span class='ocrx_word' id='word_1_109' title='bbox 2743 2377 3120 2478; x_wconf 86' lang='lat' dir='ltr'><strong>reddent,</strong></span> <span class='ocrx_word' id='word_1_110' title='bbox 3168 2376 3375 2470; x_wconf 79' lang='lat' dir='ltr'><strong>odio·</strong></span> <span class='ocrx_word' id='word_1_111' title='bbox 3410 2380 3846 2458; x_wconf 85' lang='lat' dir='ltr'><strong>inveterato</strong></span> 
     </span>
     <span class='ocr_line' id='line_1_14' title="bbox 1043 2505 3843 2636; baseline 0 -43"><span class='ocrx_word' id='word_1_112' title='bbox 1043 2547 1079 2585; x_wconf 90' lang='lat'>«</span> <span class='ocrx_word' id='word_1_113' title='bbox 1121 2532 1203 2593; x_wconf 93' lang='lat' dir='ltr'><strong>et</strong></span> <span class='ocrx_word' id='word_1_114' title='bbox 1256 2515 1724 2627; x_wconf 81' lang='lat' dir='ltr'><strong>inexpiabili</strong></span> <span class='ocrx_word' id='word_1_115' title='bbox 1781 2505 2273 2634; x_wconf 77' lang='lat' dir='ltr'><strong>stimulante,</strong></span> <span class='ocrx_word' id='word_1_116' title='bbox 2320 2548 2478 2636; x_wconf 90' lang='lat' dir='ltr'><strong>que</strong></span> <span class='ocrx_word' id='word_1_117' title='bbox 2526 2520 2639 2599; x_wconf 89' lang='lat' dir='ltr'><strong>sic</strong></span> <span class='ocrx_word' id='word_1_118' title='bbox 2688 2519 3000 2600; x_wconf 89' lang='lat' dir='ltr'><strong>irritata</strong></span> <span class='ocrx_word' id='word_1_119' title='bbox 3047 2517 3453 2631; x_wconf 84' lang='lat' dir='ltr'><strong>quiescere</strong></span> <span class='ocrx_word' id='word_1_120' title='bbox 3499 2517 3843 2615; x_wconf 83' lang='lat' dir='ltr'><strong>nesciet3</strong></span> 
     </span>
     <span class='ocr_line' id='line_1_15' title="bbox 1043 2652 3850 2770; baseline 0.001 -39"><span class='ocrx_word' id='word_1_121' title='bbox 1043 2686 1080 2724; x_wconf 85' lang='lat'>«</span> <span class='ocrx_word' id='word_1_122' title='bbox 1123 2652 1489 2766; x_wconf 84' lang='lat' dir='ltr'><strong>vivetque</strong></span> <span class='ocrx_word' id='word_1_123' title='bbox 1552 2681 1865 2765; x_wconf 85' lang='lat' dir='ltr'><strong>semper</strong></span> <span class='ocrx_word' id='word_1_124' title='bbox 1934 2652 2038 2737; x_wconf 66' lang='lat' dir='ltr'><strong>in&#39;</strong></span> <span class='ocrx_word' id='word_1_125' title='bbox 2075 2656 2544 2768; x_wconf 85' lang='lat' dir='ltr'><strong>pectoribus</strong></span> <span class='ocrx_word' id='word_1_126' title='bbox 2598 2654 3005 2770; x_wconf 82' lang='lat' dir='ltr'><strong>quidquid</strong></span> <span class='ocrx_word' id='word_1_127' title='bbox 3058 2658 3264 2738; x_wconf 89' lang='lat' dir='ltr'><strong>istuc</strong></span> <span class='ocrx_word' id='word_1_128' title='bbox 3288 2682 3648 2764; x_wconf 21' lang='lat' dir='ltr'><strong>*presens</strong></span> <span class='ocrx_word' id='word_1_129' title='bbox 3712 2679 3850 2736; x_wconf 88' lang='lat' dir='ltr'><strong>ne-</strong></span> 
     </span>
     <span class='ocr_line' id='line_1_16' title="bbox 1040 2781 3845 2903; baseline 0.002 -37"><span class='ocrx_word' id='word_1_130' title='bbox 1040 2825 1077 2866; x_wconf 86' lang='lat'>«</span> <span class='ocrx_word' id='word_1_131' title='bbox 1115 2791 1438 2874; x_wconf 85' lang='lat' dir='ltr'><strong>cessitas</strong></span> <span class='ocrx_word' id='word_1_132' title='bbox 1484 2781 2264 2903; x_wconf 78' lang='lat' dir='ltr'><strong>injunxerit,&#39;donec</strong></span> <span class='ocrx_word' id='word_1_133' title='bbox 2312 2795 2667 2878; x_wconf 71' lang='lat' dir='ltr'><strong>referant</strong></span> <span class='ocrx_word' id='word_1_134' title='bbox 2714 2793 3170 2880; x_wconf 78' lang='lat' dir='ltr'><strong>talionem¹.</strong></span> <span class='ocrx_word' id='word_1_135' title='bbox 3223 2794 3327 2874; x_wconf 88' lang='lat' dir='ltr'><strong>Et</strong></span> <span class='ocrx_word' id='word_1_136' title='bbox 3371 2789 3555 2874; x_wconf 88' lang='lat' dir='ltr'><strong>ideo</strong></span> <span class='ocrx_word' id='word_1_137' title='bbox 3604 2792 3845 2873; x_wconf 88' lang='lat' dir='ltr'><strong>rebus</strong></span> 
     </span>
     <span class='ocr_line' id='line_1_17' title="bbox 1037 2909 3843 3041; baseline 0.002 -31"><span class='ocrx_word' id='word_1_138' title='bbox 1037 2963 1078 3000; x_wconf 67' lang='grc' dir='ltr'><strong>ι(</strong></span> <span class='ocrx_word' id='word_1_139' title='bbox 1118 2927 1497 3013; x_wconf 83' lang='lat' dir='ltr'><strong>standum</strong></span> <span class='ocrx_word' id='word_1_140' title='bbox 1527 2909 1536 2918; x_wconf 52' lang='grc'><strong><em>’</em></strong></span> <span class='ocrx_word' id='word_1_141' title='bbox 1565 2928 1905 3041; x_wconf 79' lang='lat' dir='ltr'><strong>dignum</strong></span> <span class='ocrx_word' id='word_1_142' title='bbox 1965 2931 2279 3017; x_wconf 85' lang='lat' dir='ltr'><strong>ducunt</strong></span> <span class='ocrx_word' id='word_1_143' title='bbox 2340 2949 2421 3017; x_wconf 86' lang='lat' dir='ltr'><strong>et</strong></span> <span class='ocrx_word' id='word_1_144' title='bbox 2489 2933 2594 3019; x_wconf 85' lang='lat' dir='ltr'><strong>ad</strong></span> <span class='ocrx_word' id='word_1_145' title='bbox 2659 2925 3504 3017; x_wconf 52' lang='lat' dir='ltr'><strong>consummacionem*</strong></span> <span class='ocrx_word' id='word_1_146' title='bbox 3564 2953 3843 3015; x_wconf 68' lang='lat' dir='ltr'><strong>narmn</strong></span> 
     </span>
     <span class='ocr_line' id='line_1_18' title="bbox 1037 3060 3838 3186; baseline 0.001 -40"><span class='ocrx_word' id='word_1_147' title='bbox 1037 3102 1074 3140; x_wconf 72' lang='grc' dir='ltr'><em>α</em></span> <span class='ocrx_word' id='word_1_148' title='bbox 1119 3066 1383 3179; x_wconf 82' lang='lat' dir='ltr'><strong>modis</strong></span> <span class='ocrx_word' id='word_1_149' title='bbox 1454 3068 1830 3151; x_wconf 82' lang='lat' dir='ltr'><strong>omnibus</strong></span> <span class='ocrx_word' id='word_1_150' title='bbox 1897 3060 2288 3163; x_wconf 73' lang='lat' dir='ltr'><strong>laborare.</strong></span> <span class='ocrx_word' id='word_1_151' title='bbox 2359 3068 2786 3186; x_wconf 63' lang='lat' dir='ltr'><strong>Quidquid</strong></span> <span class='ocrx_word' id='word_1_152' title='bbox 2853 3090 3121 3155; x_wconf 86' lang='lat' dir='ltr'><strong>autem</strong></span> <span class='ocrx_word' id='word_1_153' title='bbox 3190 3067 3838 3181; x_wconf 82' lang='lat' dir='ltr'><strong>superaddiderit</strong></span> 
     </span>
     <span class='ocr_line' id='line_1_19' title="bbox 996 3196 3841 3327; baseline 0.001 -44"><span class='ocrx_word' id='word_1_154' title='bbox 996 3196 1074 3280; x_wconf 68' lang='lat'><strong>‘«</strong></span> <span class='ocrx_word' id='word_1_155' title='bbox 1096 3205 1219 3327; x_wconf 26' lang='lat' dir='ltr'><strong>&#39;xde</strong></span> <span class='ocrx_word' id='word_1_156' title='bbox 1270 3210 1656 3317; x_wconf 86' lang='lat' dir='ltr'><strong>temporis</strong></span> <span class='ocrx_word' id='word_1_157' title='bbox 1725 3209 2360 3321; x_wconf 83' lang='lat' dir='ltr'><strong>intemperancia</strong></span> <span class='ocrx_word' id='word_1_158' title='bbox 2424 3208 2588 3291; x_wconf 86' lang='lat' dir='ltr'><strong>dux</strong></span> <span class='ocrx_word' id='word_1_159' title='bbox 2653 3209 3011 3321; x_wconf 83' lang='lat' dir='ltr'><strong>prefatus</strong></span> <span class='ocrx_word' id='word_1_160' title='bbox 3039 3270 3060 3309; x_wconf 98' lang='lat'><strong>,</strong></span> <span class='ocrx_word' id='word_1_161' title='bbox 3125 3206 3492 3319; x_wconf 79' lang='lat' dir='ltr'><strong>exemplo</strong></span> <span class='ocrx_word' id='word_1_162' title='bbox 3560 3205 3841 3318; x_wconf 87' lang='lat' dir='ltr'><strong>prede—</strong></span> 
     </span>
     <span class='ocr_line' id='line_1_20' title="bbox 1036 3336 3840 3458; baseline 0.001 -39"><span class='ocrx_word' id='word_1_163' title='bbox 1036 3380 1073 3419; x_wconf 87' lang='lat'>«</span> <span class='ocrx_word' id='word_1_164' title='bbox 1115 3372 1517 3425; x_wconf 88' lang='lat' dir='ltr'><strong>cessorum</strong></span> <span class='ocrx_word' id='word_1_165' title='bbox 1537 3408 1556 3443; x_wconf 87' lang='lat'><strong>,</strong></span> <span class='ocrx_word' id='word_1_166' title='bbox 1607 3345 1902 3427; x_wconf 88' lang='lat' dir='ltr'><strong>milites</strong></span> <span class='ocrx_word' id='word_1_167' title='bbox 1960 3340 2273 3458; x_wconf 76' lang='lat' dir='ltr'><strong>semper</strong></span> <span class='ocrx_word' id='word_1_168' title='bbox 2323 3336 2701 3428; x_wconf 82' lang='lat' dir='ltr'><strong>tenentur</strong></span> <span class='ocrx_word' id='word_1_169' title='bbox 2752 3348 3059 3426; x_wconf 88' lang='lat' dir='ltr'><strong>exitum</strong></span> <span class='ocrx_word' id='word_1_170' title='bbox 3113 3344 3512 3426; x_wconf 90' lang='lat' dir='ltr'><strong>bellorum</strong></span> <span class='ocrx_word' id='word_1_171' title='bbox 3561 3370 3840 3452; x_wconf 82' lang='lat' dir='ltr'><strong>expec-</strong></span> 
     </span>
     <span class='ocr_line' id='line_1_21' title="bbox 1034 3482 3837 3595; baseline -0.001 -32"><span class='ocrx_word' id='word_1_172' title='bbox 1034 3518 1070 3555; x_wconf 90' lang='lat'>«</span> <span class='ocrx_word' id='word_1_173' title='bbox 1114 3501 1319 3583; x_wconf 87' lang='lat' dir='ltr'><strong>tare,</strong></span> <span class='ocrx_word' id='word_1_174' title='bbox 1363 3500 1482 3583; x_wconf 90' lang='lat' dir='ltr'><strong>et,</strong></span> <span class='ocrx_word' id='word_1_175' title='bbox 1532 3482 1598 3563; x_wconf 85' lang='lat' dir='ltr'><strong>si</strong></span> <span class='ocrx_word' id='word_1_176' title='bbox 1642 3512 1811 3567; x_wconf 88' lang='lat' dir='ltr'><strong>non</strong></span> <span class='ocrx_word' id='word_1_177' title='bbox 1863 3486 1971 3564; x_wconf 90' lang='lat' dir='ltr'><strong>sit</strong></span> <span class='ocrx_word' id='word_1_178' title='bbox 2016 3503 2263 3565; x_wconf 89' lang='lat' dir='ltr'><strong>estate</strong></span> <span class='ocrx_word' id='word_1_179' title='bbox 2313 3484 2797 3595; x_wconf 78' lang='lat' dir='ltr'><strong>perfectum,</strong></span> <span class='ocrx_word' id='word_1_180' title='bbox 2852 3485 3223 3595; x_wconf 85' lang='lat' dir='ltr'><strong>hyemem</strong></span> <span class='ocrx_word' id='word_1_181' title='bbox 3267 3483 3605 3593; x_wconf 88' lang='lat' dir='ltr'><strong>operiri,</strong></span> <span class='ocrx_word' id='word_1_182' title='bbox 3653 3510 3837 3581; x_wconf 87' lang='lat' dir='ltr'><strong>nec,</strong></span> 
     </span>
     <span class='ocr_line' id='line_1_22' title="bbox 1034 3621 3839 3735; baseline 0.001 -40"><span class='ocrx_word' id='word_1_183' title='bbox 1034 3656 1068 3695; x_wconf 92' lang='lat'>«</span> <span class='ocrx_word' id='word_1_184' title='bbox 1111 3623 1320 3702; x_wconf 90' lang='lat' dir='ltr'><strong>sicut</strong></span> <span class='ocrx_word' id='word_1_185' title='bbox 1375 3623 1660 3705; x_wconf 85' lang='lat' dir='ltr'><strong>estivas</strong></span> <span class='ocrx_word' id='word_1_186' title='bbox 1717 3650 1893 3704; x_wconf 90' lang='lat' dir='ltr'><strong>aves</strong></span> <span class='ocrx_word' id='word_1_187' title='bbox 1919 3686 1938 3723; x_wconf 88' lang='lat'>‚</span> <span class='ocrx_word' id='word_1_188' title='bbox 1996 3626 2266 3705; x_wconf 90' lang='lat' dir='ltr'><strong>statim</strong></span> <span class='ocrx_word' id='word_1_189' title='bbox 2327 3641 2773 3734; x_wconf 88' lang='lat' dir='ltr'><strong>autumpno</strong></span> <span class='ocrx_word' id='word_1_190' title='bbox 2826 3621 3445 3735; x_wconf 85' lang='lat' dir='ltr'><strong>propinquanti,</strong></span> <span class='ocrx_word' id='word_1_191' title='bbox 3487 3636 3692 3700; x_wconf 87' lang='lat' dir='ltr'><strong>tecta</strong></span> <span class='ocrx_word' id='word_1_192' title='bbox 3743 3648 3839 3699; x_wconf 89' lang='lat' dir='ltr'><strong>ac</strong></span> 
     </span>
     <span class='ocr_line' id='line_1_23' title="bbox 1031 3755 3837 3875; baseline -0.001 -35"><span class='ocrx_word' id='word_1_193' title='bbox 1031 3793 1068 3832; x_wconf 90' lang='lat'>«</span> <span class='ocrx_word' id='word_1_194' title='bbox 1111 3787 1505 3843; x_wconf 86' lang='lat' dir='ltr'><strong>recessum</strong></span> <span class='ocrx_word' id='word_1_195' title='bbox 1564 3760 2197 3875; x_wconf 83' lang='lat' dir='ltr'><strong>circumspicere.</strong></span> <span class='ocrx_word' id='word_1_196' title='bbox 2264 3762 2628 3844; x_wconf 87' lang='lat' dir='ltr'><strong>Obsecro</strong></span> <span class='ocrx_word' id='word_1_197' title='bbox 2684 3789 2826 3843; x_wconf 85' lang='lat' dir='ltr'><strong>vos</strong></span> <span class='ocrx_word' id='word_1_198' title='bbox 2845 3823 2865 3863; x_wconf 88' lang='lat'><strong>,</strong></span> <span class='ocrx_word' id='word_1_199' title='bbox 2919 3757 3266 3845; x_wconf 81' lang='lat' dir='ltr'><strong>venandi</strong></span> <span class='ocrx_word' id='word_1_200' title='bbox 3324 3755 3681 3841; x_wconf 87' lang='lat' dir='ltr'><strong>studium</strong></span> <span class='ocrx_word' id='word_1_201' title='bbox 3743 3786 3837 3837; x_wconf 88' lang='lat' dir='ltr'><strong>ac</strong></span> 
     </span>
     <span class='ocr_line' id='line_1_24' title="bbox 1031 3895 3833 4010; baseline 0 -35"><span class='ocrx_word' id='word_1_202' title='bbox 1031 3930 1068 3969; x_wconf 85' lang='lat'>«</span> <span class='ocrx_word' id='word_1_203' title='bbox 1109 3899 1476 4007; x_wconf 87' lang='lat' dir='ltr'><strong>voluptas</strong></span> <span class='ocrx_word' id='word_1_204' title='bbox 1549 3899 1918 3983; x_wconf 83' lang='lat' dir='ltr'><strong>homines</strong></span> <span class='ocrx_word' id='word_1_205' title='bbox 1991 3928 2136 4010; x_wconf 91' lang='lat' dir='ltr'><strong>per</strong></span> <span class='ocrx_word' id='word_1_206' title='bbox 2187 3902 2411 3981; x_wconf 88' lang='lat' dir='ltr'><strong>nives</strong></span> <span class='ocrx_word' id='word_1_207' title='bbox 2482 3928 2574 3980; x_wconf 92' lang='lat' dir='ltr'><strong>ac</strong></span> <span class='ocrx_word' id='word_1_208' title='bbox 2640 3901 2975 4008; x_wconf 89' lang='lat' dir='ltr'><strong>pruinas</strong></span> <span class='ocrx_word' id='word_1_209' title='bbox 3044 3901 3130 3978; x_wconf 92' lang='lat' dir='ltr'><strong>in</strong></span> <span class='ocrx_word' id='word_1_210' title='bbox 3192 3914 3504 3977; x_wconf 88' lang='lat' dir='ltr'><strong>montes</strong></span> <span class='ocrx_word' id='word_1_211' title='bbox 3563 3895 3833 3976; x_wconf 76' lang='lat' dir='ltr'><strong>silvas-</strong></span> 
     </span>
     <span class='ocr_line' id='line_1_25' title="bbox 1033 4032 3838 4147; baseline 0.003 -40"><span class='ocrx_word' id='word_1_212' title='bbox 1033 4069 1068 4107; x_wconf 94' lang='lat'>«</span> <span class='ocrx_word' id='word_1_213' title='bbox 1112 4062 1268 4146; x_wconf 88' lang='lat' dir='ltr'><strong>que</strong></span> <span class='ocrx_word' id='word_1_214' title='bbox 1314 4038 1571 4143; x_wconf 91' lang='lat' dir='ltr'><strong>rapit;</strong></span> <span class='ocrx_word' id='word_1_215' title='bbox 1630 4037 1817 4116; x_wconf 88' lang='lat' dir='ltr'><strong>belli</strong></span> <span class='ocrx_word' id='word_1_216' title='bbox 1867 4038 2478 4119; x_wconf 88' lang='lat' dir='ltr'><strong>necessitatibus</strong></span> <span class='ocrx_word' id='word_1_217' title='bbox 2530 4065 2706 4117; x_wconf 88' lang='lat' dir='ltr'><strong>eam</strong></span> <span class='ocrx_word' id='word_1_218' title='bbox 2750 4037 3241 4147; x_wconf 87' lang='lat' dir='ltr'><strong>pacienciam</strong></span> <span class='ocrx_word' id='word_1_219' title='bbox 3286 4062 3455 4115; x_wconf 89' lang='lat' dir='ltr'><strong>non</strong></span> <span class='ocrx_word' id='word_1_220' title='bbox 3505 4032 3838 4115; x_wconf 79' lang='lat' dir='ltr'><strong>adhibe-</strong></span> 
     </span>
     <span class='ocr_line' id='line_1_26' title="bbox 1031 4171 3838 4286; baseline 0 -35"><span class='ocrx_word' id='word_1_221' title='bbox 1031 4205 1068 4245; x_wconf 85' lang='lat'>«</span> <span class='ocrx_word' id='word_1_222' title='bbox 1110 4172 1411 4271; x_wconf 90' lang='lat' dir='ltr'><strong>bimus,</strong></span> <span class='ocrx_word' id='word_1_223' title='bbox 1452 4201 1692 4286; x_wconf 84' lang='lat' dir='ltr'><strong>quam</strong></span> <span class='ocrx_word' id='word_1_224' title='bbox 1746 4175 1865 4256; x_wconf 88' lang='lat' dir='ltr'><strong>vel</strong></span> <span class='ocrx_word' id='word_1_225' title='bbox 1900 4205 2085 4256; x_wconf 91' lang='lat' dir='ltr'><strong>usus</strong></span> <span class='ocrx_word' id='word_1_226' title='bbox 2122 4204 2216 4257; x_wconf 90' lang='lat' dir='ltr'><strong>ac</strong></span> <span class='ocrx_word' id='word_1_227' title='bbox 2248 4178 2278 4220; x_wconf 77' lang='lat'>³</span> <span class='ocrx_word' id='word_1_228' title='bbox 2319 4175 2690 4284; x_wconf 87' lang='lat' dir='ltr'><strong>voluptas</strong></span> <span class='ocrx_word' id='word_1_229' title='bbox 2732 4175 3012 4271; x_wconf 87' lang='lat' dir='ltr'><strong>elicere</strong></span> <span class='ocrx_word' id='word_1_230' title='bbox 3058 4172 3320 4254; x_wconf 74' lang='lat' dir='ltr'><strong>solet?</strong></span> <span class='ocrx_word' id='word_1_231' title='bbox 3365 4175 3615 4255; x_wconf 82' lang='lat' dir='ltr'><strong>Anne·</strong></span> <span class='ocrx_word' id='word_1_232' title='bbox 3650 4171 3838 4252; x_wconf 85' lang='lat' dir='ltr'><strong>effe-</strong></span> 
     </span>
     <span class='ocr_line' id='line_1_27' title="bbox 959 4309 3835 4422; baseline 0.001 -37"><span class='ocrx_word' id='word_1_233' title='bbox 959 4344 968 4351; x_wconf 95' lang='lat'>·</span> <span class='ocrx_word' id='word_1_234' title='bbox 1031 4345 1067 4384; x_wconf 93' lang='lat'>«</span> <span class='ocrx_word' id='word_1_235' title='bbox 1111 4311 1413 4390; x_wconf 90' lang='lat' dir='ltr'><strong>minata</strong></span> <span class='ocrx_word' id='word_1_236' title='bbox 1453 4339 1797 4422; x_wconf 90' lang='lat' dir='ltr'><strong>corpora</strong></span> <span class='ocrx_word' id='word_1_237' title='bbox 1833 4314 2182 4395; x_wconf 89' lang='lat' dir='ltr'><strong>militum</strong></span> <span class='ocrx_word' id='word_1_238' title='bbox 2223 4331 2692 4395; x_wconf 88' lang='lat' dir='ltr'><strong>nostrorum</strong></span> <span class='ocrx_word' id='word_1_239' title='bbox 2731 4338 2897 4391; x_wconf 91' lang='lat' dir='ltr'><strong>esse</strong></span> <span class='ocrx_word' id='word_1_240' title='bbox 2933 4328 3308 4421; x_wconf 89' lang='lat' dir='ltr'><strong>putamus</strong></span> <span class='ocrx_word' id='word_1_241' title='bbox 3328 4373 3347 4410; x_wconf 88' lang='lat'>‚</span> <span class='ocrx_word' id='word_1_242' title='bbox 3390 4309 3591 4392; x_wconf 89' lang='lat' dir='ltr'><strong>adeo</strong></span> <span class='ocrx_word' id='word_1_243' title='bbox 3637 4311 3835 4392; x_wconf 88' lang='lat' dir='ltr'><strong>mol-</strong></span> 
     </span>
     <span class='ocr_line' id='line_1_28' title="bbox 1026 4436 3826 4559; baseline 0.001 -36"><span class='ocrx_word' id='word_1_244' title='bbox 1026 4484 1063 4524; x_wconf 90' lang='lat'>«</span> <span class='ocrx_word' id='word_1_245' title='bbox 1105 4436 1218 4531; x_wconf 86' lang='lat' dir='ltr'><strong>les</strong></span> <span class='ocrx_word' id='word_1_246' title='bbox 1250 4452 1563 4531; x_wconf 88' lang='lat' dir='ltr'><strong>animos</strong></span> <span class='ocrx_word' id='word_1_247' title='bbox 1583 4510 1606 4549; x_wconf 82' lang='lat'><strong>,</strong></span> <span class='ocrx_word' id='word_1_248' title='bbox 1640 4468 1730 4530; x_wconf 91' lang='lat' dir='ltr'><strong>ut</strong></span> <span class='ocrx_word' id='word_1_249' title='bbox 1758 4451 2127 4559; x_wconf 87' lang='lat' dir='ltr'><strong>hyemem</strong></span> <span class='ocrx_word' id='word_1_250' title='bbox 2155 4479 2402 4537; x_wconf 85' lang='lat' dir='ltr'><strong>unam</strong></span> <span class='ocrx_word' id='word_1_251' title='bbox 2435 4446 2762 4547; x_wconf 89' lang='lat' dir='ltr'><strong>durare,</strong></span> <span class='ocrx_word' id='word_1_252' title='bbox 2798 4450 2865 4528; x_wconf 92' lang='lat' dir='ltr'><strong>si</strong></span> <span class='ocrx_word' id='word_1_253' title='bbox 2890 4467 3365 4559; x_wconf 86' lang='lat' dir='ltr'><strong>opporteat,</strong></span> <span class='ocrx_word' id='word_1_254' title='bbox 3398 4452 3485 4530; x_wconf 90' lang='lat' dir='ltr'><strong>in</strong></span> <span class='ocrx_word' id='word_1_255' title='bbox 3510 4449 3788 4530; x_wconf 85' lang='lat' dir='ltr'><strong>castris</strong></span> <span class='ocrx_word' id='word_1_256' title='bbox 3808 4510 3826 4546; x_wconf 93' lang='lat'><strong>,</strong></span> 
     </span>
    </p>
   </div>
   <div class='ocr_carea' id='block_1_2' title="bbox 1021 4701 3831 4955">
    <p class='ocr_par' dir='ltr' id='par_1_4' title="bbox 1021 4701 3831 4955">
     <span class='ocr_line' id='line_1_29' title="bbox 1096 4701 3827 4789; baseline -0.002 -26"><span class='ocrx_word' id='word_1_257' title='bbox 1096 4714 1109 4735; x_wconf 92' lang='lat'>¹</span> <span class='ocrx_word' id='word_1_258' title='bbox 1154 4708 1340 4764; x_wconf 85' lang='lat' dir='ltr'><strong>Toute</strong></span> <span class='ocrx_word' id='word_1_259' title='bbox 1380 4701 1524 4763; x_wconf 74' lang='lat' dir='ltr'><strong>cette</strong></span> <span class='ocrx_word' id='word_1_260' title='bbox 1565 4708 1768 4781; x_wconf 79' lang='lat' dir='ltr'><strong>phrase</strong></span> <span class='ocrx_word' id='word_1_261' title='bbox 1813 4720 1898 4763; x_wconf 81' lang='lat' dir='ltr'><strong>est</strong></span> <span class='ocrx_word' id='word_1_262' title='bbox 1935 4712 2268 4789; x_wconf 66' lang='lat' dir='ltr'><strong>ernpruntee</strong></span> <span class='ocrx_word' id='word_1_263' title='bbox 2308 4730 2383 4766; x_wconf 84' lang='lat' dir='ltr'><strong>au</strong></span> <span class='ocrx_word' id='word_1_264' title='bbox 2526 4720 2545 4744; x_wconf 82' lang='lat'><strong>¹</strong></span> <span class='ocrx_word' id='word_1_265' title='bbox 2571 4708 2822 4765; x_wconf 78' lang='lat' dir='ltr'><strong>Var..·n‘</strong></span> <span class='ocrx_word' id='word_1_266' title='bbox 2840 4703 3002 4783; x_wconf 85' lang='lat'><strong>5960,</strong></span> <span class='ocrx_word' id='word_1_267' title='bbox 3021 4706 3119 4764; x_wconf 79' lang='lat' dir='ltr'><strong>fol.</strong></span> <span class='ocrx_word' id='word_1_268' title='bbox 3139 4706 3296 4775; x_wconf 83' lang='lat' dir='ltr'><strong>56v.‚</strong></span> <span class='ocrx_word' id='word_1_269' title='bbox 3320 4706 3827 4779; x_wconf 62' lang='lat' dir='ltr'><strong>confimat-ionem,</strong></span> 
     </span>
     <span class='ocr_line' id='line_1_30' title="bbox 1022 4790 3831 4870; baseline -0.001 -22"><span class='ocrx_word' id='word_1_270' title='bbox 1022 4804 1082 4848; x_wconf 84' lang='lat' dir='ltr'><strong>n⁰</strong></span> <span class='ocrx_word' id='word_1_271' title='bbox 1101 4793 1274 4868; x_wconf 86' lang='lat'><strong>5960,</strong></span> <span class='ocrx_word' id='word_1_272' title='bbox 1303 4792 1401 4849; x_wconf 80' lang='lat' dir='ltr'><strong>fol.</strong></span> <span class='ocrx_word' id='word_1_273' title='bbox 1429 4792 1503 4850; x_wconf 83' lang='lat'><strong>56</strong></span> <span class='ocrx_word' id='word_1_274' title='bbox 1527 4813 1574 4850; x_wconf 86' lang='lat' dir='ltr'><strong>r.</strong></span> <span class='ocrx_word' id='word_1_275' title='bbox 1604 4803 1662 4849; x_wconf 87' lang='lat' dir='ltr'><strong>et</strong></span> <span class='ocrx_word' id='word_1_276' title='bbox 1680 4812 1731 4849; x_wconf 78' lang='lat' dir='ltr'><strong>v.</strong></span> <span class='ocrx_word' id='word_1_277' title='bbox 1758 4793 1876 4850; x_wconf 88' lang='lat' dir='ltr'><strong>Elle</strong></span> <span class='ocrx_word' id='word_1_278' title='bbox 1894 4807 1978 4852; x_wconf 83' lang='lat' dir='ltr'><strong>est</strong></span> <span class='ocrx_word' id='word_1_279' title='bbox 2005 4796 2209 4852; x_wconf 59' lang='lat' dir='ltr'><strong>alteiee</strong></span> <span class='ocrx_word' id='word_1_280' title='bbox 2245 4796 2384 4852; x_wconf 84' lang='lat' dir='ltr'><strong>dans</strong></span> <span class='ocrx_word' id='word_1_281' title='bbox 2527 4799 2545 4829; x_wconf 81' lang='lat'>³</span> <span class='ocrx_word' id='word_1_282' title='bbox 2571 4796 2710 4850; x_wconf 85' lang='lat' dir='ltr'><strong>Var.</strong></span> <span class='ocrx_word' id='word_1_283' title='bbox 2736 4817 2751 4846; x_wconf 88' lang='lat'><strong>.-</strong></span> <span class='ocrx_word' id='word_1_284' title='bbox 2784 4799 2847 4848; x_wconf 84' lang='lat' dir='ltr'><strong>n⁰</strong></span> <span class='ocrx_word' id='word_1_285' title='bbox 2886 4792 3055 4870; x_wconf 82' lang='lat'><strong>5960,</strong></span> <span class='ocrx_word' id='word_1_286' title='bbox 3092 4794 3190 4850; x_wconf 83' lang='lat' dir='ltr'><strong>fol.</strong></span> <span class='ocrx_word' id='word_1_287' title='bbox 3217 4793 3292 4850; x_wconf 86' lang='lat'><strong>56</strong></span> <span class='ocrx_word' id='word_1_288' title='bbox 3313 4811 3388 4860; x_wconf 61' lang='grc' dir='ltr'><strong>ι,</strong></span> <span class='ocrx_word' id='word_1_289' title='bbox 3436 4790 3520 4848; x_wconf 80' lang='lat' dir='ltr'><strong>vel</strong></span> <span class='ocrx_word' id='word_1_290' title='bbox 3558 4808 3691 4845; x_wconf 80' lang='lat' dir='ltr'><strong>usus</strong></span> <span class='ocrx_word' id='word_1_291' title='bbox 3728 4792 3831 4846; x_wconf 76' lang='lat' dir='ltr'><strong>vel</strong></span> 
     </span>
     <span class='ocr_line' id='line_1_31' title="bbox 1021 4876 2796 4955; baseline 0.001 -23"><span class='ocrx_word' id='word_1_292' title='bbox 1021 4876 1162 4933; x_wconf 76' lang='lat' dir='ltr'><strong>len⁰</strong></span> <span class='ocrx_word' id='word_1_293' title='bbox 1195 4876 1358 4955; x_wconf 85' lang='lat'><strong>5958.</strong></span> <span class='ocrx_word' id='word_1_294' title='bbox 2526 4879 2796 4954; x_wconf 73' lang='lat' dir='ltr'><strong>voluptas.</strong></span> 
     </span>
    </p>
   </div>
  </div>
 </body>
</html>
