4666 6014
1077 690 1220 760 472
1550 677 2238 755 CHRONICORUM
2288 674 2648 750 KAROLI
2697 674 2984 750 SEXTI
3032 677 3212 751 LIB.
3267 675 3397 751 111.

1071 833 1433 944 prompti
1466 847 1752 911 essent.
1808 829 1908 908 Et
1957 827 2318 939 quamvis
2350 823 2452 906 ad
2494 824 2659 907 vim
2703 843 3066 934 apertam
3103 823 3611 907 inferendam
3654 827 3883 907 suffi-

1043 972 1372 1054 “cientes
1397 995 1567 1047 non
1596 981 1858 1047 essent
1877 1026 1896 1064 ‚
1932 962 2134 1044 duce
2156 982 2426 1043 tamen
2457 961 2787 1043 custode
2814 963 3042 1043 urbis
3066 991 3113 1042 a
3142 964 3431 1068 comite
3461 962 3847 1074 deputato
3865 1028 3882 1062 ‚

1078 1109 1218 1217 qui
1260 1103 1546 1182 Daniel
1584 1100 2047 1200 vocabatur,
2101 1101 2367 1210 sepius
2398 1117 2904 1209 erumpentes
2930 1162 2948 1199 ,
2991 1118 3069 1180 et
3109 1102 3492 1211 quociens
3538 1101 3885 1182 nocendi

1079 1270 1162 1321 se
1208 1238 1602 1320 offerebat
1651 1239 1964 1318 occasio
1998 1299 2016 1336 ,
2074 1234 2561 1316 clandestine
2628 1236 2856 1345 signa
2902 1235 3409 1316 laudabiliter
3464 1239 3552 1318 in
3618 1238 3887 1319 hostes

1083 1377 1609 1459 conferebant
1633 1437 1652 1475 ‚
1702 1394 1782 1456 et
1831 1376 2225 1457 reiteratis
2278 1374 2588 1454 vicibus
2634 1374 3050 1455 meliorem
3099 1375 3483 1455 calculum
3534 1395 3890 1487 reporta-

1084 1517 1321 1614 bant,
1355 1513 1627 1593 multis
1657 1542 1755 1592 ex
1801 1513 1912 1592 eis
1952 1512 2232 1591 occisis
2271 1529 2410 1591 aut
2450 1510 2789 1591 letaliter
2822 1513 3190 1593 sauciatis
3210 1515 3266 1593 ¹.
3306 1516 3520 1593 Dum
3548 1513 3890 1595 durabat

1086 1650 1442 1751 obsidio,
1481 1648 1808 1763 quidam
1854 1649 2080 1729 miles
2117 1647 2381 1729 dictus
2422 1647 2800 1729 dominus
2833 1648 2934 1730 de
2971 1650 3377 1751 Henselle,
3412 1680 3582 1731 non
3622 1652 3888 1763 reipu-

1084 1789 1298 1872 blice
1320 1817 1458 1868 seu
1487 1788 1745 1898 patrie
1777 1815 2088 1885 amore,
2129 1785 2271 1866 sed
2302 1785 2632 1866 cordiali
2669 1787 2985 1896 privato
3019 1786 3397 1868 laborans
3437 1787 3629 1868 odio
3650 1851 3668 1888 ,
3712 1790 3895 1869 Phi-

1086 1928 1314 2037 lippo
1355 1955 1437 2006 se
1486 1927 1955 2036 conjunxit3
2001 1942 2081 2005 et
2125 1925 2315 2037 quia
2357 1925 2646 2005 scelere
2686 1954 2830 2006 suo
2884 1945 3054 2007 erat
3098 1926 3426 2008 odiosus
3468 1946 3548 2007 et
3594 1929 3893 2008 invisus

1091 2064 1405 2163 comiti,
1456 2065 1541 2143 in
1590 2063 1971 2172 injuriam
2019 2091 2363 2172 persone
2419 2093 2598 2143 eum
2655 2063 2837 2144 ilico
2894 2057 3317 2144 diffidavit.
3371 2065 3501 2145 Sic
3549 2064 3929 2146 nocendi-

1091 2219 1406 2283 tantum
1449 2199 1695 2280 ardor
1738 2200 2109 2299 invaluit,
2146 2218 2235 2280 ut
2274 2200 2657 2282 nobilitas
2698 2199 3045 2310 degener
3078 2202 3201 2282 sui
3249 2202 3848 2283 oblivisceretur
3873 2265 3890 2300 ,

1093 2340 1310 2421 claro
1350 2339 1627 2448 generi
1654 2366 1798 2418 suo
1840 2335 2310 2446 derogando
2347 2338 2648 2418 nubem
2679 2337 3071 2419 inducens
3101 2339 3704 2450 perhempnem.

1207 2479 1538 2578 Quanto
1586 2475 1765 2586 plus
1813 2472 2373 2556 obsidencium
2427 2477 3093 2584 augmentabatur
3140 2507 3556 2578 numerUS,
3604 2478 3782 2586 plus
3821 2495 3900 2557 et

1095 2613 1520 2692 afferentes
1560 2611 1933 2695 victualia
1967 2610 2539 2713 succedebant,
2586 2642 2779 2723 opes
2822 2632 2902 2693 et
2945 2615 3330 2694 auxilium
3372 2615 3788 2724 Philippo,
3831 2618 3899 2694 si

1096 2749 1360 2830 adhuc
1393 2748 1830 2857 indigeret,
1889 2749 2321 2830 offerentes
2342 2814 2360 2849 ‚
2397 2749 2785 2832 addentes
2824 2770 2916 2833 ut
2970 2753 3102 2854 isti
3151 2753 3681 2863 subjiciantur
3711 2754 3901 2832 Gal-

1100 2890 1257 2969 lici.
1293 2889 1476 2994 Qua
1512 2916 1653 2998 spe
1694 2887 1987 2986 fretus,
2030 2889 2463 2969 exaltatum
2504 2907 2622 2970 est
2661 2919 2804 2970 cor
2836 2891 3045 3000 ejuS,
3079 2891 3275 2970 etin
3309 2908 3614 2970 tantam
3656 2909 3897 2971 teme-

1103 3028 1362 3107 ritatis
1394 3029 1775 3135 prorupit
1803 3025 2215 3106 audaciam
2255 3047 2538 3108 contra
2572 3030 2845 3138 regem‘
2869 3048 2949 3109 et
2978 3028 3215 3109 flores
3243 3030 3389 3109 lilii
3423 3028 3900 3127 deferentes,

1103 3182 1195 3243 ut
1226 3162 1529 3243 eisdem
1565 3166 2222 3245 comminatorios
2255 3166 2519 3274 apices
2566 3164 3025 3247 destinaret.
3070 3166 3670 3277 Superscripcio
3707 3166 3904 3247 diri-

1106 3301 1445 3411 gebatur
1489 3331 1510 3378 :
1551 3299 2065 3381 Serenissimo
2109 3304 2311 3410 regi,
2367 3305 2536 3411 regi
2577 3303 2657 3379 F
2649 3304 2919 3382 rancie
2958 3304 3278 3383 domino
3323 3332 3467 3383 suo
3518 3306 3902 3383 naturali.

1110 3441 1332 3520 Infra
1372 3458 1682 3537 tamen,
1725 3459 1820 3521 ut
1857 3459 2120 3521 rector
2162 3444 2425 3521 omnis
2464 3440 2881 3543 Flandrie,
2922 3472 3105 3522 eum
3145 3459 3447 3523 attente
3481 3440 3904 3538 monebat,

1109 3607 1211 3659 ne
1259 3577 1635 3685 fidifrago
1687 3579 1960 3658 comiti
2008 3577 2429 3659 adhereret
2471 3582 2556 3659 in
2608 3578 3148 3691 prejudicium
3190 3580 3451 3688 gentis
3502 3607 3679 3674 sue3
3722 3577 3910 3656 alio-

1109 3717 1308 3828 quin
1351 3743 1534 3795 cum
1570 3714 1867 3796 eisdem
1899 3718 2277 3826 Anglicos
2306 3721 2393 3798 in
2435 3717 2885 3801 subsidium
2923 3737 3323 3818 evocaret,
3366 3718 3452 3797 in
3483 3714 3912 3796 detrimen-

1111 3872 1283 3932 tum
1327 3855 1556 3962 regni
1597 3855 1744 3935 sui.
1788 3830 2135 3936 Litteras
2181 3857 2612 3967 injuriosas
2654 3885 2795 3971 rex
2847 3855 3365 3965 indignanter
3407 3852 3752 3949 audivit,
3814 3883 3907 3931 eo

1114 3993 1495 4101 precipue
1546 4020 1729 4071 cum
1770 3991 1976 4072 lator
2015 4022 2293 4074 earum
2341 3995 2715 4074 existeret
2760 3992 3090 4106 quidam
3133 3993 3462 4072 nomine
3508 3992 3915 4103 Hanequi-

1113 4157 1272 4209 nus
1290 4127 1390 4208 de
1416 4128 1806 4210 Gandavo
1828 4193 1847 4231 ,
1878 4134 2020 4243 qui
2044 4133 2405 4242 linguam
2426 4132 2782 4242 gallicam
2807 4129 3232 4231 didicerat,
3260 4159 3404 4238 per
3435 4127 3913 4211 decennium

1113 4267 1355 4346 curiis
1395 4268 1633 4376 regiis
1671 4268 2238 4350 incumbendo.
2276 4272 2401 4351 Ne
2441 4290 2710 4351 tamen
2743 4270 3042 4348 nuncio
3087 4267 3489 4378 denegans
3522 4297 3914 4350 recessum

1115 4403 1459 4486 liberum
1488 4404 1894 4488 videretur
1924 4408 2301 4518 injuriae,
2344 4409 2467 4488 vel
2506 4436 2685 4487 eum
2717 4404 3159 4487 detinendo
3184 4405 3521 4517 pavidus
3561 4404 3912 4487 credere·

1115 4561 1271 4641 tur,
1309 4540 1532 4623 dedit
1563 4544 1634 4623 ei
1674 4545 2083 4625 licenciam
2120 4542 2496 4625 abeundi.

1188 4876 1200 4898 ⁸
1251 4869 1390 4925 Vaer.
1417 4894 1430 4921 .-
1463 4884 1525 4923 11⁰
1545 4865 1708 4943 5960,
1733 4867 1830 4925 fol.
1861 4872 1930 4938 44
1955 4887 2035 4941 V„
2065 4872 2407 4928 vulneratis.
2540 4956 2553 4971 .
