4666 6014
3 2845 20 2864 fi
0 2725 22 2796 ᾧ
0 1419 16 2686 ἱένἾη--ι-ᾑν-ῄ--ᾑ-ῂῂ--ζ-
0 1323 4 1372 ,-

1185 686 1327 759 530
1535 635 1544 646 ’
1650 657 2349 752 cunomcoRuM
2382 672 2737 751 KARom
2786 668 3071 747 sEx‘rl
3120 673 3296 748 Lm.
3351 676 3488 749 ιχ.

1186 830 1511 911 occultis
1556 827 1769 907 silvis
1819 843 2190 934 poterant
2238 825 2559 923 inferri,
2602 822 2973 922 insidias3
3017 826 3279 904 territi
3323 825 3520 906 alios
3562 827 3972 909 terrebant

1185 966 1449 1045 taliter
1471 960 2050 1043 murmurando
2081 990 2097 1040 :
2130 995 2169 1036 ε(
2190 961 2346 1040 Hic
2360 959 2525 1042 dux
2548 961 2909 1040 tellurem
2940 976 3169 1068 optat
3186 961 3343 1041 sibi
3371 960 3861 1070 frugiferam,
3892 982 3973 1043 et

1189 1136 1226 1176 «
1269 1103 1618 1180 inhertes
1667 1100 1931 1207 glebas
1982 1099 2685 1179 commilitonibus.
2732 1098 2887 1176 Hic
2932 1097 3245 1177 hostem
3301 1098 3973 1179 Brebantinorum

1190 1274 1227 1311 «
1273 1240 1558 1318 nititur
1599 1263 2097 1345 expugnare,
2144 1253 2224 1316 et
2275 1236 2793 1315 Brebauciam
2841 1232 3185 1313 fertilem
3242 1233 3494 1332 silviS,
3536 1237 3846 1342 pascuis
3898 1252 3978 1314 et

1192 1412 1228 1449 «
1269 1378 1529 1455 omnis
1563 1353 2366 1482 generisvictualium
2398 1401 2564 1452 non
2596 1372 2791 1451 sinit
2819 1373 2981 1452 suis
3020 1369 3431 1478 pugilibus
3470 1399 3704 1478 opem
3743 1371 3974 1452 ferre.

1194 1547 1231 1584 «
1278 1508 1702 1591 Collaudat
1751 1510 2186 1588 exercitum
2252 1526 2588 1616 propter
2660 1536 2742 1586 se
2791 1506 3231 1615 periculosa
3282 1505 3556 1614 agredi
3599 1536 3764 1604 non
3820 1538 3984 1589 τῶ-

1196 1684 1231 1721 «
1274 1666 1676 1758 puentem,
1710 1644 1849 1724 sed
1880 1674 2049 1724 non
2081 1645 2397 1724 videtur
2439 1671 2714 1724 curare
2743 1646 2809 1722 si
2842 1643 3074 1722 famis
3107 1646 3610 1752 opprimetur
3650 1643 3984 1726 inedia.»

1194 1786 1522 1895 Jamque
1549 1783 1764 1863 velut
1797 1784 2277 1889 contagione
2314 1778 2658 1889 quadam
2692 1781 2969 1860 castris
2999 1779 3255 1860 effuso
3288 1798 3502 1861 metu
3545 1782 3795 1891 vulgi,
3836 1803 3989 1863 tre-

1197 1920 1512 2030 pidacio
1566 1920 1670 1998 ab
1713 1918 2165 1998 inhertibus
2216 1915 2317 1996 ad
2369 1919 2730 2025 egregios
2781 1918 2994 1996 viros
3024 1945 3389 2026 serpenS,
3428 1920 3987 2001 centurionum

1199 2085 1518 2170 quoque
1561 2075 1641 2136 et
1681 2056 2028 2134 militum
2069 2056 2379 2134 animos
2420 2055 2884 2163 attingerat3
2924 2072 3005 2134 et
3042 2081 3244 2164 quos
3290 2055 3840 2136 vehemencius
3881 2056 3988 2135 la-

1200 2197 1423 2275 boris
1445 2196 1746 2301 incepti
1768 2193 2179 2302 penitebat
2197 2253 2216 2291 ,
2246 2190 2514 2301 pudor
2546 2192 2765 2271 solus
2794 2191 2898 2270 ab
2926 2218 3236 2271 recessu
3268 2194 3758 2274 continebat.

1313 2334 1421 2410 Ut
1485 2331 1630 2409 hec
1690 2327 1872 2414 duci
1919 2328 2164 2409 relata
2207 2346 2429 2426 sunt,
2487 2330 2944 2409 convocatis
2999 2326 3100 2406 ad
3141 2330 3616 2408 concionem
3668 2332 3943 2409 castris
3967 2393 3985 2426 ,

1202 2470 1660 2547 oracionem
1734 2465 2019 2545 habuit
2087 2465 2406 2573 plenam
2482 2465 2861 2545 animosis
2929 2465 3632 2545 exhortacionibus
3708 2469 3992 2546 acerri-

1204 2605 1509 2713 misque
1542 2600 2346 2708 reprehensionibus;
2387 2616 2468 2679 et
2498 2598 2717 2711 quod
2754 2597 3175 2680 temerarie
3215 2630 3305 2680 ac
3345 2600 3687 2708 superbe
3734 2605 3991 2681 consi-

1205 2743 1331 2822 liis
1360 2770 1442 2821 se
1481 2740 1642 2820 suis
1671 2742 2163 2847 ingererent,
2196 2741 2402 2818 sicut
2447 2735 2705 2818 eidem
2737 2741 2994 2819 inerat
3024 2757 3311 2846 sponte
3346 2738 3662 2819 fluentis
3696 2740 3991 2851 eloquii

1209 2881 1417 2959 inter
1470 2904 1747 2959 omnes
1792 2874 2034 2956 duces
2076 2879 2304 2986 regni
2346 2879 2849 2985 prerogativa
2894 2876 3317 2984 singularis
3347 2938 3366 2974 ,
3406 2878 3519 2956 sic
3561 2875 3995 2957 luculenter

1209 3015 1478 3094 multis
1511 3011 1795 3092 mediis
1846 3012 2246 3095 ostendit:
2284 3050 2320 3091 (ι
2348 3015 2536 3094 Non
2562 3077 2582 3107 ,
2633 3015 2933 3126 inquit,
2977 3013 3321 3093 militum
3363 3012 3601 3095 debet
3645 3036 3829 3095 esse·
3857 3014 3997 3095 sed

1214 3186 1256 3223 «-
1286 3152 1492 3259 regis
1523 3146 1893 3230 meditari
1922 3152 2217 3262 quibus
2245 3153 2554 3232 artibus
2585 3170 2905 3259 regatur
2938 3152 3329 3231 exercitus
3353 3212 3373 3249 ,
3404 3148 3652 3231 duces
3679 3179 3998 3262 quoque

1216 3321 1252 3358 «
1296 3289 1673 3365 iti-nerum
1702 3287 2028 3394 eligere,
2063 3290 2202 3398 qui
2247 3288 2503 3366 sciant
2544 3290 2822 3366 castris
2850 3287 3113 3367 locum
3153 3313 3475 3395 capere,
3516 3288 4003 3367 commeatus

1217 3456 1254 3496 «
1295 3420 1707 3531 expedire,
1746 3422 1851 3501 ab
1892 3421 2207 3502 insidiis
2237 3451 2696 3531 precavere,
2728 3438 3042 3532 tempus
3084 3450 3391 3531 pugne,
3426 3424 3490 3501 si
3536 3423 3952 3530 contingat
3979 3484 3998 3520 ,

1218 3594 1254 3633 α
1296 3558 1639 3667 deligere
1663 3621 1683 3656 ,
1731 3562 1978 3639 aciem
2020 3562 2415 3639 instruere
2456 3579 2535 3639 et
2560 3558 2957 3639 subsidiis
2994 3558 3336 3639 firmare.
3401 3559 3581 3658 Que
3621 3559 4003 3667 quoniam

1221 3729 1260 3769 ι(
1299 3696 1454 3774 sibi
1512 3696 1832 3805 provisa
1889 3712 2080 3774 sunt
2137 3697 2444 3792 omnia,
2512 3722 2644 3776 eos
2707 3698 2941 3783 vanis*
2982 3724 3073 3774 ac
3139 3678 3497 3775 ridiculis
3557 3694 4003 3783 terroribus
4108 3806 4111 3809 ¹

1222 3866 1259 3905 ι(
1300 3832 1547 3942 quati.
1573 3866 1610 3907 2>
1648 3827 1988 3911 Addidit
2015 3833 2350 3925 iterum:
2385 3867 2423 3909 t<
2449 3834 2525 3912 N
2529 3861 2635 3913 on
2668 3833 2954 3912 milites
2984 3832 3104 3912 vel
3138 3832 3554 3912 scutiferos
3587 3859 3856 3939 regem
3884 3834 4004 3913 vel

1226 4002 1263 4041 α
1305 3966 1544 4047 duces
1575 3966 1864 4047 ducere
1899 3965 2038 4047 sed
2072 3970 2296 4079 sequi
2326 3987 2757 4076 opportere
2778 4032 2797 4069 ,
2828 3971 3016 4080 quia
3041 3970 3239 4079 jussi
3261 3970 3469 4066 sint,
3500 3987 3580 4047 et
3602 3970 3741 4079 qui
3776 3966 4008 4075 dege-

1226 4138 1264 4177 «
1306 4105 1520 4183 neris
1559 4132 1788 4185 cause
1829 4123 2085 4185 metus
2131 4107 2216 4185 in
2259 4105 2641 4189 frumenti
2687 4109 3019 4215 penuria
3067 4123 3404 4186 vertant.
3444 4106 3746 4186 Rursus
3790 4135 4008 4185 arro-

1227 4276 1265 4313 «
1304 4258 1590 4348 ganter
1612 4240 1906 4339 facere,
1939 4270 2121 4321 cum
2158 4271 2242 4322 se
2271 4244 2481 4322 curis
2515 4270 2841 4322 suorum
2865 4240 3159 4322 ducum
3188 4243 3721 4341 immisceant3
3749 4270 3793 4321 a
3826 4272 4009 4350 rege

1182 4487 1190 4495 .
1227 4414 1263 4451 Κι
1309 4380 1582 4499 utique
1606 4379 1773 4488 jam
1798 4380 2206 4487 provisum
2235 4380 2531 4491 quibus
2553 4409 2596 4460 a
2619 4379 2935 4488 populis
2961 4376 3339 4459 habunde
3369 4370 3954 4460 adducerentur
3989 4412 4004 4457 ε

1230 4551 1266 4587 «ι
1305 4517 1956 4626 εἰεφιειεκρετίνί
1990 4516 2262 4597 volens
2289 4535 2557 4597 utrum
2586 4516 2838 4597 virtus
2876 4517 3107 4596 solita
3132 4514 3255 4595 vel
3284 4517 3592 4625 ignavia
3626 4516 3803 4624 plus
3833 4546 4014 4624 pos-

1231 4687 1268 4724 «
1310 4653 1447 4749 sit,
1491 4652 1637 4731 hac
1670 4670 1902 4731 nocte
1937 4670 2332 4734 transacta
2365 4657 2706 4764 precipit
2737 4673 2825 4735 ut
2860 4672 3112 4739 castra
3153 4656 3557 4736 moveatis.
3589 4688 3626 4729 2>
3658 4654 3831 4733 Hiis
3869 4656 4015 4760 igi-

1229 4807 1360 4869 tur
1415 4794 1843 4899 peroratis,
1899 4818 2260 4872 murmur
2312 4797 2879 4905 compescitur,
2944 4813 3022 4875 et
3089 4795 3609 4875 correctionis
3676 4791 4014 4873 verbalis
