4666 6014
1132 679 1274 751 438
1598 668 2282 746 CHRONICORUM
2332 664 2690 747 KAROLI
2739 665 3026 747 sEx'rl·
3074 665 3251 745 LIB.
3306 670 3435 744 ΠΙ.

1130 825 1333 934 plevi
1342 843 1412 924 t;
1467 822 1683 905 unde
1737 822 2109 903 nonnulli
2160 824 2598 904 consiliarii
2643 822 2854 933 regis
2899 824 3451 937 primoresque
3497 826 3524 869 ¹
3581 821 3923 900 civitatis

1127 992 1218 1042 ac
1265 964 1513 1042 eciam
1569 989 1752 1040 cum
1809 962 2189 1071 episcopo
2240 962 2665 1042 Parisiensi
2725 962 3178 1070 prepositus
3201 1022 3221 1061 ‚
3274 990 3414 1042 sue
3477 974 3918 1040 metuentes

1128 1098 1363 1179 saluti
1395 1162 1414 1197 ,
1493 1097 1696 1178 urbe
1761 1076 2096 1198 cedunt,
2162 1099 2540 1178 omnibus
2604 1097 2841 1179 rebus
2912 1099 3073 1178 suis
3151 1094 3670 1207 postmodnm
3728 1092 3918 1173 alibi

1126 1238 1563 1335 translatis,
1605 1234 2088 1345 indignitate
2121 1266 2391 1319 rerum
2423 1239 2661 1336 moti,
2698 1254 3012 1320 tantum
3043 1234 3146 1316 ab
3179 1237 3475 1348 injuria
3497 1236 3672 1343 regi
3709 1233 3918 1313 facta

1119 1403 1202 1455 se
1252 1375 1525 1456 abesse
1579 1376 1775 1473 rati,
1843 1394 2240 1487 quantum
2287 1405 2338 1456 a
2396 1392 2575 1456 cetu
2629 1403 3222 1488 congressuque
3279 1392 3443 1453 tam
3500 1368 3918 1453 incondite

1121 1512 1663 1595 multitudinis
1705 1541 1787 1593 se
1837 1516 2342 1595 amovissent.
2386 1512 2722 1595 Videres
2764 1542 3111 1627 namque
3152 1511 3732 1623 abjectissimos
3770 1508 3916 1591 ho-

1120 1652 1376 1733 mines
1397 1713 1415 1750 ,
1464 1650 1655 1731 viles
1698 1668 1910 1730 statu
1950 1669 2031 1732 et
2068 1651 2391 1732 viliores
2426 1652 2829 1751 moribus,
2881 1645 3189 1761 pedites
3228 1667 3312 1729 et
3353 1647 3711 1759 acephali
3751 1664 3918 1726 tur-

1118 1789 1399 1869 matim
1435 1786 1804 1870 incedere
1833 1809 1914 1870 et
1943 1789 2178 1871 velud
2221 1789 2324 1871 ad
2357 1789 2763 1872 excidium
2793 1791 3163 1875 civitatis.
3206 1789 3290 1869 Si
3339 1787 3520 1899 quis
3567 1782 3917 1869 stolidis-

1114 1927 1503 2006 simorum
1553 1929 1820 2041 primo
1850 1929 2103 2009 scelus
2143 1928 2474 2041 aliquod
2509 1929 3021 2009 exclamasset
3040 1991 3059 2026 ,
3103 1927 3324 2007 hunc
3361 1927 3601 2006 ceteri
3644 1925 3914 2007 miseri

1111 2065 1686 2178 sequebantur,
1726 2063 1945 2146 unde
1984 2065 2564 2179 subsequencia
2599 2065 2807 2146 mala
2837 2082 3028 2145 sunt
3058 2082 3358 2175 sequta.

1226 2203 1496 2282 Primo
1519 2265 1537 2301 ,
1570 2204 1953 2315 quoniam
1990 2207 2332 2284 inermes
2366 2220 2632 2302 erant,
2665 2202 2966 2283 adeunt
2998 2200 3325 2281 domum
3373 2199 3588 2298 ville,
3634 2202 3719 2278 in
3751 2226 3906 2308 qua

1114 2336 1419 2448 gladios
1446 2402 1464 2438 ,
1511 2366 1770 2437 enseS,
1809 2340 2131 2420 malleos
2184 2340 2607 2454 plumbeos
2645 2359 2725 2422 et
2770 2370 2989 2421 arma
3029 2336 3144 2420 ibi
3197 2340 3544 2449 reposita
3585 2332 3689 2416 ad
3734 2363 3911 2416 mu-

1107 2479 1508 2558 nicionem
1531 2476 1746 2575 ville,
1782 2478 2288 2588 subripiunt3
2320 2506 2421 2558 ex
2452 2479 2749 2589 quibus
2780 2479 3188 2588 primicias
3204 2474 3438 2558 velud
3463 2477 3546 2554 in
3574 2475 3911 2589 propria
4037 2528 4050 2539 ,

1110 2616 1404 2696 viscera
1441 2606 1982 2725 persolventes
2006 2677 2025 2715 ,
2053 2634 2460 2729 quotquot
2491 2606 2592 2696 de
2621 2617 3177 2699 collectoribus
3206 2614 3755 2699 subsidiorum
3783 2643 3908 2693 re-

1108 2756 1474 2864 periunt,
1536 2755 1712 2837 neci
1768 2752 2128 2835 tradunt.
2182 2754 2429 2835 Modo
2490 2773 2758 2839 tamen
2820 2754 3291 2854 crudeliori,
3343 2752 3772 2866 quemdam
3809 2781 3904 2833 ex

1106 2892 1263 2972 hiis
1293 2892 1397 2974 ab
1436 2893 1756 2973 ecclesia
1796 2893 2069 2974 Sancti
2095 2895 2138 2974 J
2144 2894 2382 2977 acobi
2415 2922 2595 2976 cum
2632 2895 3020 2979 violencia
3061 2891 3519 2990 educentes,
3545 2909 3903 3003 etquan-

1106 3060 1350 3143 quam
1405 3050 1622 3113 metu
1690 3034 1976 3113 mortis
2026 3060 2267 3140 super
2320 3034 2572 3114 altare
2632 3052 2978 3114 stantem
3034 3052 3116 3113 et
3161 3032 3620 3141 ymaginem
3681 3030 3906 3108 beate

1104 3169 1350 3250 Marie
1394 3169 1977 3279 amplexantem
2023 3172 2511 3281 reperissent
2540 3234 2558 3269 ,
2608 3173 3318 3252 circumvenientes
3367 3169 3859 3250 obtruncant
3883 3228 3902 3263 ,

1105 3307 1511 3389 ecclesiam
1552 3308 1954 3390 violando,
2010 3311 2044 3387 I
2053 3307 2210 3389 nde
2249 3325 2662 3420 compotes
2705 3309 2971 3389 effecti
3016 3308 3363 3391 affectati
3406 3306 3718 3387 sceleris
3740 3369 3757 3404 ,
3802 3301 3902 3383 ad

1105 3445 1550 3528 occisorum
1614 3446 1833 3527 bona
1901 3445 2357 3556 diripienda
2413 3465 2857 3557 properant
2889 3509 2908 3545 ,
2966 3443 3369 3558 domoque
3411 3423 3662 3524 ‘unius
3729 3443 3902 3524 solo

1103 3601 1334 3664 tenus
1366 3614 1409 3664 a
1449 3603 1680 3694 parte
1709 3586 2097 3666 anteriori
2130 3583 2533 3668 destructa
2555 3649 2573 3684 ‚
2618 3584 2809 3666 alias
2844 3585 3193 3665 effractis
3228 3583 3484 3696 portis
3516 3581 3903 3661 violenter
4023 3577 4035 3591 '

1102 3740 1292 3802 sunt
1338 3724 1710 3831 ingressi,
1754 3723 1838 3802 in
1886 3723 2181 3836 quibus
2226 3721 2627 3838 quidquid
2680 3725 2894 3821 auri,
2946 3723 3297 3836 argenti,
3341 3721 3784 3800 litterarum
3826 3738 3904 3798 et

1104 3861 1867 3969 preciosissimarum
1918 3890 2188 3942 rerum
2222 3863 2684 3960 inveniunt,
2728 3864 3097 3972 rapiunt,
3139 3858 3602 3942 distrahunt
3640 3855 3904 3936 viliter

1103 4015 1184 4076 et
1228 3999 1673 4107 projiciunt
1713 3993 1859 4108 per
1901 3999 2314 4078 fenestras.
2351 4000 2562 4081 Vina
2603 4001 2850 4079 eciam
2884 4000 2971 4078 in
3016 4021 3298 4078 eorum
3327 3992 3904 4104 promptuariis
4025 4032 4038 4044 =

1101 4135 1604 4234 effuderunt,
1645 4135 1864 4216 unde
1906 4137 2243 4218 nimium
2277 4138 2572 4247 potati,
2610 4163 2793 4217 cum
2839 4164 3057 4215 mero
3093 4132 3644 4228 incaluissent,
3687 4147 3767 4209 et
3799 4128 3900 4209 ad

1099 4275 1521 4386 sequencia
1574 4274 1837 4355 effecti
1887 4294 2150 4355 essent
2185 4277 2740 4386 prompciores
2761 4336 2780 4374 ,
2836 4274 2937 4354 ad
2979 4273 3359 4353 Sanctum
3396 4271 3893 4391 Germanum

1097 4410 1200 4491 de
1261 4413 1519 4492 Pratis
1569 4429 2141 4521 perrexerunt3
2197 4430 2279 4493 et
2333 4439 2516 4494 cum
2571 4413 3077 4524 requirerent
3127 4408 3636 4519 impositor-es
3687 4408 3898 4485 occi-

1100 4547 1406 4630 dendos
1426 4612 1445 4647 ,
1494 4575 1702 4660 quos
1752 4550 2114 4631 sciebant
2164 4577 2444 4631 manus
2490 4578 2671 4632 suas
2718 4552 3054 4632 evasisse
3095 4547 3371 4662 ibique
3417 4546 3696 4643 latere,
3751 4571 3898 4624 nec

1099 4688 1737 4798 obtemperatum
1797 4685 2072 4768 fuisset
2092 4750 2111 4788 ,
2163 4718 2344 4768 cum
2401 4688 2794 4771 violencia
2846 4689 3198 4770 maxima
3254 4688 3624 4768 nituntur
3677 4684 3890 4770 intus

1179 4904 1192 4928 ¹
1240 4897 1379 4954 Var.
1406 4922 1418 4949 .·
1444 4894 1693 4972 n‘5960,
1723 4895 1822 4952 fd.
1840 4899 1997 4966 4η..
2015 4896 2564 4970 principum-esque.
