4666 6014
1127 711 1222 783 62
1644 698 2332 779 CHRONICORUM
2383 699 2740 775 KAROLI
2791 700 3078 775 SEXTI
3128 692 3306 776 ΠΒ.
3359 703 3418 776 1.

1125 857 1402 938 itidem
1453 855 1616 937 dux
1650 855 1976 967 juravit,
2024 870 2106 933 et
2144 852 2488 934 forsitan
2513 915 2533 951 ,
2579 870 2674 933 ut
2721 853 3224 933 asserebatur
3255 882 3301 933 a
3332 851 3638 951 multis,
3671 853 3926 933 solum

1118 999 1367 1077 verbo
1408 992 1548 1076 sed
1602 1021 1770 1073 non
1830 993 2105 1072 animo
2166 1009 2503 1072 mutato.
2567 991 2772 1071 Cum
2823 993 3408 1100 prenominatis
3474 993 3730 1071 eciam
3785 1020 3927 1072 rex

1118 1136 1443 1215 miserat
1500 1132 1969 1240 episcopum
2028 1129 2604 1210 Carnotensem
2667 1126 3086 1209 dominum
3140 1129 3588 1209 Johannem
3636 1129 3922 1230 Fabri,

1120 1271 1540 1351 dominum
1594 1266 1695 1348 de
1729 1267 2114 1376 Caprosia
2151 1285 2231 1347 et
2269 1268 2742 1375 magistrum
2792 1265 3264 1347 Arnaudum
3310 1265 3409 1347 de
3452 1268 3794 1349 Corbeia
3838 1270 3922 1349 in

1118 1407 1622 1488 Parlamento
1670 1402 2213 1517 presidentem
2231 1468 2250 1504 ‚
2302 1403 2597 1516 quibus
2651 1403 3089 1513 plurimum
3139 1403 3475 1505 fidebat,
3535 1407 3673 1517 qui
3726 1435 3921 1486 con-

1118 1562 1616 1629 summarent
1654 1545 2033 1624 inchoata
2053 1605 2072 1641 ,
2107 1561 2186 1624 et
2220 1544 2363 1656 qui
2403 1539 2670 1623 edicto
2711 1561 3083 1653 parentes
3124 1544 3347 1652 regio
3372 1605 3392 1643 ,
3428 1541 3613 1625 duci
3654 1564 3926 1625 aucto·

1117 1689 1354 1768 ritate
1414 1685 1635 1793 regia
1689 1680 2063 1764 ducatum
2118 1683 2686 1781 restituerunt;
2739 1701 3127 1765 tractatus
3177 1704 3500 1795 quoque
3541 1682 3886 1763 formam
3906 1748 3924 1782 ‚

1117 1824 1365 1931 ipsius
1393 1819 1655 1930 sigillo
1693 1812 2198 1918 roboratam,
2245 1817 2528 1900 eodem
2569 1848 2842 1901 mense
2873 1820 3287 1902 februario
3318 1819 3789 1902 retulerunt.

2061 2089 2737 2173 CAPITULUM
2786 2090 2934 2170 lx.

1297 2326 1523 2410 Anglici
1553 2327 1617 2387 in
1644 2325 1847 2387 odium
1878 2323 2040 2385 ducis
2071 2323 2331 2385 Britanie
2364 2323 2817 2387 Namnetemetn
2847 2324 3055 2386 urbem
3086 2344 3294 2407 capere
3336 2326 3528 2384 conati
3561 2338 3717 2386 sunt.

1227 2559 1431 2643 Cum
1471 2554 1754 2636 dextra
1796 2555 2259 2662 prepotenti
2308 2553 2847 2635 discursiones
2901 2554 3230 2637 hostiles
3282 2554 3601 2663 Anglici
3654 2554 3917 2635 adhuc

1115 2701 1200 2776 in
1218 2693 1660 2774 Normania
1689 2689 2193 2809 exercebant.
2221 2690 2504 2799 Longe
2532 2691 2844 2803 lateque
2874 2694 3273 2802 populati,
3308 2711 3494 2803 post
3522 2691 3916 2802 pecudum

1113 2840 1477 2942 ingentes
1524 2826 1813 2938 predas
1857 2844 2109 2926 actaS,
2152 2824 2565 2908 audientes
2597 2826 2696 2908 de
2736 2827 2935 2909 duce
2978 2829 3391 2944 quondam
3438 2830 3713 2913 amico.
3736 2831 3917 2911 hos-

1111 2993 1273 3054 tem
1308 2969 1605 3050 factum
1628 3027 1647 3064 ,
1695 2964 1986 3047 m'erito
2036 2964 2656 3065 contristantur,
2690 2984 2773 3047 et
2817 2996 2998 3047 cum
3030 2970 3328 3049 scirent
3360 2970 3912 3053 conestabula-

1108 3114 1320 3191 rium
1385 3105 1720 3187 Francie
1787 3102 2314 3184 mediatorem
2379 3102 2744 3186 federum
2810 3108 3203 3208 extitisse,
3273 3110 3576 3220 junctis
3659 3112 3914 3218 copiis

1109 3260 1653 3357 pugnatorum
1705 3257 2005 3319 terram
2063 3240 2234 3350 ejus
2301 3237 2951 3353 depopulandam
2993 3247 3018 3288 ¹
3083 3264 3273 3325 sunt
3335 3249 3654 3356 agressi.
3715 3245 3914 3326 Inde

1111 3383 1677 3493 indempnitati
1729 3382 1988 3490 patrie
2035 3382 2357 3461 nemine
2403 3402 2952 3484 succurrente,
3016 3414 3197 3466 cum
3246 3385 3912 3495 circumadjacen-

1107 3547 1269 3608 tem
1314 3525 1725 3633 regionem
1769 3516 2130 3616 cedibuS,
2173 3521 2480 3629 rapinis
2527 3539 2609 3601 et
2649 3521 3042 3604 incendiis
3080 3524 3503 3606 barbarica
3550 3527 3913 3608 immani·

1108 3683 1269 3744 tate
1304 3661 1844 3742 devastassent
1864 3718 1883 3756 ,
1926 3658 2266 3765 ingressi
2294 3676 2486 3740 sunt
2524 3659 2961 3742 Britaniam
3000 3663 3705 3743 britannizantem.
3753 3662 3907 3744 Sed

1108 3829 1288 3881 cum
1327 3793 1729 3911 quidquid
1758 3795 2013 3876 hostis
2046 3796 2131 3874 in
2167 3796 2482 3876 hostem
2521 3814 2789 3906 potest
2825 3828 2872 3878 a
2904 3796 3313 3880 decembri
3357 3827 3630 3880 mense
3655 3828 3908 3912 usque

1108 3938 1211 4019 ad
1253 3935 1710 4047 januarium
1762 3952 2357 4042 perpetrassent
2376 3998 2394 4033 ,
2444 3963 2489 4014 a
2537 3934 2984 4017 baronibus
3038 3940 3296 4047 patrie
3347 3937 3683 4018 viriliter
3721 3955 3908 4017 sunt

1108 4075 1428 4185 repulsi.
1457 4069 1691 4152 Unde
1723 4072 1808 4150 in
1838 4071 2198 4152 furorem
2226 4074 2469 4171 versi,
2492 4072 2593 4154 ad
2616 4073 3155 4158 obsidendum
3171 4078 3681 4173 Namnetum,
3718 4076 3907 4155 insi-

1107 4242 1346 4324 gnem
1370 4211 1794 4308 civitatem,
1812 4210 2125 4318 magnis
2149 4210 2577 4291 itineribus
2604 4211 3224 4294 contenderunt.
3245 4212 3535 4294 Adhuc
3548 4210 3905 4324 undique

1105 4369 1451 4463 agrestes
1479 4348 1741 4431 accole
1779 4345 2049 4456 pavidi
2089 4365 2366 4456 portas
2403 4346 2846 4429 incidentes
2878 4350 3059 4430 ville
3097 4368 3179 4430 et
3221 4352 3494 4431 omnia
3525 4368 3905 4460 augentes

1101 4495 1424 4588 timore,
1473 4488 1915 4571 exercitum
1949 4485 2305 4567 hostium
2339 4484 2629 4566 infesto
2663 4487 2984 4595 agmine
3023 4488 3458 4572 accelerare
3491 4486 3595 4569 ad
3618 4489 3899 4570 urbem

1100 4633 1665 4712 clamaverunt.
1726 4635 1731 4640 ’

1179 4916 1191 4935 ¹
1236 4901 1282 4957 ΙΙ
1307 4921 1343 4972 y
1366 4917 1398 4955 a
1423 4901 1497 4955 ici
1518 4916 1595 4955 un
1618 4896 1834 4956 feuillet
1856 4895 2087 4952 ‹lechii-e
2125 4895 2266 4951 dans
2291 4894 2344 4951 le
2365 4909 2431 4953 ιι·
2450 4892 2629 4969 5958;
2658 4896 2710 4953 le
2728 4907 2880 4954 texte
2898 4909 2985 4955 est
3007 4902 3211 4957 extruit
3230 4901 3311 4956 du
3335 4911 3399 4956 n⁰
3420 4895 3590 4976 5960,
3616 4899 3713 4955 sol.
3742 4898 3811 4966 34
3847 4920 3897 4955 v.
