4666 6014
1128 681 1269 755 456
1595 672 2280 749 CHRONICORUM
2328 672 2687 749 KAROLI
2737 674 3023 749 SEXTI
3072 672 3248 747 LIB.
3302 670 3430 744 111.

1124 846 1344 909 ratus
1412 823 1839 906 Arnaudus
1895 826 2104 933 regis
2166 842 2247 905 et
2301 823 2530 935 regni
2590 827 3090 907 necessitates
3142 819 3573 903 ostendens
3588 882 3607 919 ,
3661 821 3916 901 subsi-

1125 963 1350 1045 dium
1408 961 1665 1071 plebis
1717 951 2203 1072 poposcerit.
2270 962 2437 1072 Ipsi
2497 981 2765 1043 tamen
2833 958 3401 1071 respondendo
3460 957 3857 1068 prolixius
3893 1018 3913 1056 ,

1125 1129 1307 1181 cum
1355 1095 1728 1179 dominus
1760 1099 1804 1177 J
1808 1100 2168 1179 ohannes
2216 1097 2317 1178 de
2365 1098 2722 1181 Maresiis
2757 1097 3221 1180 fidelitatem
3275 1115 3357 1178 et
3403 1124 3759 1176 amorem
3812 1097 3919 1176 ci-

1122 1239 1374 1335 vium,
1438 1265 1676 1349 quem
1723 1265 1911 1345 erga
1970 1263 2236 1345 regem
2285 1236 2637 1317 habebat
2691 1253 2771 1317 et
2819 1236 3251 1334 habuerat,
3312 1234 3582 1314 multis
3633 1231 3919 1315 mediis

1123 1375 1635 1485 expressisset
1656 1437 1677 1472 ,
1740 1375 1826 1453 in
1890 1375 2207 1483 signum
2266 1374 2508 1485 hujus
2567 1374 2960 1483 conclusit
3017 1402 3294 1454 omnes
3363 1373 3532 1482 regi
3600 1391 3918 1453 centum

1125 1513 1339 1592 milia
1392 1513 1857 1593 francorum
1912 1513 2088 1593 auri
2154 1511 2592 1593 liberaliter
2658 1512 3160 1593 concessisse.
3230 1510 3362 1591 Sic
3422 1509 3918 1619 parlamento

1122 1650 1384 1730 soluto
1436 1626 1619 1730 cum
1666 1650 2084 1762 utriusque
2129 1651 2383 1759 partis
2439 1630 2830 1729 ineffabili
2886 1646 3179 1757 gaudio
3198 1709 3219 1745 ,
3273 1645 3741 1728 ordinatum
3778 1672 3917 1726 ex·-

1123 1790 1326 1888 titit,
1384 1806 1477 1870 ut
1532 1817 1809 1869 omnes
1866 1791 2006 1900 qui
2059 1789 2177 1868 ibi
2236 1789 2769 1869 interfuerant
2792 1850 2811 1886 ‚
2862 1805 3047 1868 ante
3099 1810 3458 1897 corpora.
3497 1787 3920 1867 beatorum

1124 1928 1547 2007 martirum
1590 1926 1892 2036 gracias
1944 1924 2342 2007 reddituri
2393 1925 2747 2026 adirent,
2785 1925 3061 2037 ibique
3094 1924 3417 2007 ecclesie
3446 1923 3919 2005 venerabilis

1124 2081 1561 2145 conventus
1595 2063 1861 2174 jussus
1904 2082 2023 2144 est
2075 2064 2184 2143 Te
2213 2065 2477 2143 Deum
2519 2064 2949 2143 laudamus
2988 2062 3167 2143 altis
3217 2063 3549 2144 vocibus
3600 2078 3920 2142 cantare

1124 2231 1274 2310 pro
1330 2231 1527 2311 pace
1573 2201 2006 2282 reformata
2046 2202 2104 2302 ¹3
2153 2231 2310 2314 que
2351 2203 2601 2283 eciam
2640 2201 2811 2281 luce
2870 2202 3235 2313 sequenti
3288 2200 3445 2281 fuit
3495 2228 3689 2281 voce
3735 2228 3918 2309 pre-

1125 2343 1358 2420 conia
1388 2370 1532 2451 per
1573 2340 1788 2423 bivia
1827 2341 2008 2421 ville
2041 2342 2509 2422 parisiensis
2542 2341 2976 2453 publicata.
3007 2376 3050 2401 ·-

1237 2478 1366 2558 Sic
1420 2479 1661 2560 rebus
1711 2482 1866 2560 rite
1899 2481 2277 2590 peractis,
2335 2477 2707 2559 nundum
2748 2497 3027 2560 exacto
3087 2478 3343 2560 biduo
3364 2541 3383 2578 ,
3439 2506 3582 2558 rex
3637 2477 3922 2557 urbem

1126 2646 1309 2698 cum
1349 2618 1744 2735 ineffabili
1784 2615 2079 2727 gaudio
2125 2617 2418 2698 civium
2467 2619 2556 2698 in
2592 2619 2898 2703 cunctis
2931 2619 3305 2728 compitis
3347 2645 3532 2699 cum
3573 2618 3918 2697 musico-

1124 2784 1307 2835 rum
1347 2757 2071 2837 instrumentorum
2101 2754 2315 2836 dulci
2346 2754 2692 2838 melodia
2720 2755 2989 2839 laudes
3019 2760 3278 2869 regias
3305 2756 3924 2837 acclamancium

1127 2897 1528 3002 ingressus
1568 2911 1710 2975 est.
1758 2894 1908 2975 Cui
1944 2913 2211 2975 tamen
2239 2894 2415 2974 luce
2440 2913 2764 3005 postera
2792 2893 3199 2976 recedenti
3231 2896 3707 3004 promissam
3748 2921 3925 3003 pec-

1128 3033 1450 3113 cuniam
1507 3031 1651 3113 diu
1707 3033 2012 3115 solvere
2072 3031 2593 3114 tardaverunt
2611 3096 2631 3133 ,
2689 3034 3060 3114 obstante
3110 3034 3401 3114 iterum
3462 3034 3927 3144 iniquorum

1129 3172 1504 3251 comitiva
1538 3173 1909 3281 populari
1944 3188 2414 3252 contumace
2444 3190 2524 3251 et
2554 3171 3001 3271 calcitrosa‚
3037 3200 3192 3283 que
3231 3175 3928 3281 incessanterpos-

1130 3307 1358 3388 cebat
1415 3324 1506 3388 ut
1553 3306 1660 3388 ad
1708 3310 1865 3388 hoc
1926 3308 2081 3388 viri
2138 3306 2697 3406 ecclesiastici,
2753 3308 2960 3387 sicut
3017 3325 3097 3387 et
3146 3309 3298 3416 ipsi
3328 3370 3348 3407 ,
3400 3324 3876 3418 cogerentur
3903 3371 3925 3405 ‚

1130 3450 1513 3556 ignorans
1553 3444 1775 3558 quod
1816 3446 1904 3525 in
1944 3444 2172 3525 brevi
2201 3471 2299 3524 ex
2332 3445 2483 3524 ista
2523 3464 2603 3525 et
2640 3445 2812 3526 aliis
2843 3445 3414 3528 rebellionibus
3450 3448 3931 3558 perpetratis

1129 3582 1608 3693 supplicium
1637 3578 2134 3691 condignum
2164 3598 2638 3691 reportaret.
2849 3575 2852 3578 ’

2122 3845 2710 3930 GAPI'I'ULUM
2757 3852 2937 3933 VII.

2041 4084 2131 4145 De
2173 4098 2358 4146 morte
2398 4086 2685 4146 comitisse
2722 4084 3014 4147 Flaudrie.

1248 4287 1481 4370 Circa
1532 4286 1745 4369 idem
1791 4307 2105 4399 tempus
2145 4287 2480 4373 domina
2526 4291 2973 4400 Margareta
2993 4352 3013 4391 ,
3074 4289 3139 4369 F
3140 4287 3450 4370 landrie
3501 4306 3583 4369 et
3637 4290 3931 4372 Artesii
3980 4274 3984 4278 ’

1136 4426 1573 4528 comitissa,
1604 4428 1961 4539 Philippi
1996 4430 2298 4539 Longi,
2335 4428 2481 4509 filii
2512 4428 2867 4538 Philippi
2893 4427 3215 4509 Pulchri
3236 4426 3700 4539 ‚quondam
3721 4428 3932 4536 regis

1136 4565 1472 4645 Francie
1490 4627 1509 4665 ,
1557 4564 1719 4645 filia
1738 4625 1758 4665 ,
1807 4596 1963 4679 que
1997 4565 2139 4648 diu
2179 4568 2268 4648 in
2308 4595 2562 4676 regno
2606 4566 3013 4677 exemplar
3053 4568 3562 4648 continencie
3596 4564 3934 4650 vidualis

1137 4703 1542 4804 extiterat,
1604 4702 1893 4785 affecta
1936 4707 2161 4787 senio
2181 4768 2201 4807 ,
2257 4706 2640 4820 gravique
2681 4706 3014 4819 fatigata
3065 4706 3520 4817 egritudine
3538 4767 3557 4805 ,
3597 4733 3697 4786 ex
3748 4730 3934 4815 pre-

1214 4896 1229 4919 ¹
1274 4886 1417 4943 γαν.
1437 4911 1453 4941 .·
1482 4904 1545 4945 11⁰
1563 4885 1735 4963 5960,
1764 4889 1863 4946 fol.
1895 4887 1963 4959 43
1991 4911 2065 4962 ι·.,
2094 4863 2399 4949 decantant
2418 4909 2522 4966 pro
2540 4911 2675 4968 pace
2692 4903 2748 4949 et
2770 4891 3072 4952 concordia
3105 4891 3428 4948 reformata.
