4666 6014
1150 681 1288 751 408
1627 676 2310 752 CHRONICORUM
2358 674 2713 751 KAROLI
2764 677 3047 751 SEXTI
3098 680 3274 751 LIB.
3305 675 3436 753 -IL

2121 912 2785 1037 CAP1TULUM
2843 959 2940 1039 v.

1614 1190 1666 1249 A
1700 1190 2014 1273 Flamingis
2041 1192 2104 1250 in
2131 1191 2284 1253 bello
2315 1193 2568 1253 vincitur
2596 1214 2784 1253 comes
2812 1191 3085 1253 Flaudrie
3113 1191 3458 1253 Ludovicus.

1258 1394 1535 1475 Aliene
1576 1392 2027 1479 substancie
2064 1397 2514 1477 avidissima
2556 1424 2897 1505 voragO,
2941 1395 3338 1507 cupiditas
3371 1397 3527 1477 hoc
3573 1414 3931 1506 tempore

1144 1530 1752 1614 Flandrensium
1818 1536 2189 1616 comitem
2256 1534 2754 1615 Ludovicum
2793 1537 2982 1615 'suis
3037 1563 3366 1615 exosum
3444 1533 3924 1614 reddiderat.

1143 1670 1377 1767 Nam,
1413 1668 1648 1751 velud
1683 1670 1882 1750 alter
1906 1671 2271 1751 Roboam
2295 1734 2313 1769 ‚
2347 1670 2449 1751 ad
2481 1671 2786 1751 tributa
2813 1668 3181 1751 subditos
3214 1696 3496 1779 cogere
3525 1670 3932 1749 nitebatur

1142 1806 1499 1904 insolita,
1548 1808 1932 1914 ignorans
1983 1807 2172 1886 inde
2221 1810 2561 1918 patriam
2617 1810 2720 1887 ab
2763 1809 3114 1887 externis
3154 1807 3481 1886 liberam
3539 1806 3726 1886 belli
3776 1806 3931 1885 fra-

1139 1942 1510 2049 goribUS‚
1562 1945 1647 2023 in
1697 1946 1990 2024 viscera
2049 1948 2383 2054 propria
2431 1974 2649 2024 arma
2696 1944 2986 2026 debere
3034 1945 3431 2042 converti,
3483 1961 3576 2023 ut
3623 1971 3767 2052 per
3809 1972 3926 2022 se-

1140 2081 1477 2189 quencia
1519 2078 1852 2160 tradam.
1899 2079 2429 2190 Indignanter
2494 2111 2838 2194 namque
2883 2081 3288 2190 perferens
3357 2078 3614 2159 dictus
3670 2108 3930 2159 comes

1138 2214 1804 2316 Flandrensibus,
1866 2216 1967 2297 ad
2032 2219 2451 2299 consilium
2505 2219 2914 2328 publicum
2956 2220 3350 2298 reiteratis
3390 2216 3700 2296 vicibus
3752 2245 3930 2296 evo-

1138 2354 1370 2450 catis,
1424 2352 1779 2433 subsidia
1821 2384 2087 2435 annua
2113 2418 2131 2453 ‚
2181 2356 2416 2435 titulo
2460 2353 3040 2435 accommodati
3072 2355 3339 2463 colligi
3382 2371 3796 2452 consueta,
3842 2357 3927 2433 in

1135 2518 1426 2570 vanum
1476 2490 1914 2599 postulasse
1939 2553 1958 2583 ‚
2008 2489 2229 2600 quod
2284 2493 2550 2571 verbis
2605 2484 2917 2571 lenibus
2968 2488 3446 2599 persuadere
3502 2492 3925 2603 neqnibat‚
3971 2575 3980 2583 ,

1129 2629 1437 2708 viribus
1474 2646 1949 2739 extorquere
1985 2630 2310 2726 nititur,
2355 2647 2435 2707 et
2482 2628 2976 2708 obstinatum
3024 2647 3330 2708 mutare
3373 2630 3876 2737 propositum
3903 2693 3922 2725 ,

1136 2763 1302 2845 filio
1342 2792 1486 2844 suo
1523 2763 1973 2873 illegitime,
2016 2767 2353 2844 robusto
2385 2784 2650 2844 tamen
2688 2766 2924 2844 militi
2958 2783 3039 2844 et
3069 2764 3390 2863 audaci,
3425 2767 3926 2846 committens

1137 2904 1580 3012 negocium.
1618 2904 1783 3004 Qui
1816 2931 2003 2982 mox
2036 2905 2345 3012 ingenti
2389 2931 2631 2983 manu
2664 2904 2988 2982 collecta
3027 2878 3602 3013 pugnatorum,
3640 2901 3741 2983 ad
3773 2905 3928 2985 hoc

1136 3070 1275 3149 spe
1312 3043 1802 3149 premiorum
1847 3039 2110 3120 illecta
2155 3058 2236 3120 et
2275 3039 2674 3150 predandi
2731 3038 3147 3150 cupidine,
3183 3069 3374 3120 ‚cum
3417 3042 3653 3121 sciret
3699 3042 3925 3122 Gan-

1135 3175 1510 3258 davenses
1548 3181 1763 3287 patri
1806 3180 2289 3286 pertinacius
2347 3178 2731 3257 resistisse
2759 3239 2778 3275 ,
2840 3177 2945 3256 ab
2992 3175 3184 3256 odio
3228 3177 3694 3286 inexpiabili
3742 3207 3929 3288 pro-

1135 3342 1426 3423 perans
1469 3310 1571 3392 ad
1594 3312 2027 3394 vindictam
2050 3377 2068 3412 ‚
2100 3315 2465 3423 premisit
2510 3312 3045 3394 incendiarios
3083 3315 3225 3424 qui
3255 3313 3437 3393 ville
3464 3313 3924 3400 molendina

1139 3469 1739 3530 concremarent
1774 3469 1854 3530 et
1886 3453 1970 3531 in
2008 3451 2356 3531 favillam
2387 3451 2868 3561 redigerent.
2905 3450 3106 3531 Inde
3138 3479 3319 3532 cum
3343 3452 3667 3565 reliquis
3701 3453 3792 3533 in‘
3816 3447 3927 3534 vi-

1139 3590 1428 3668 ciniori
1459 3587 1807 3712 oppido,
1841 3590 2098 3669 solum
2139 3590 2243 3670 ab
2288 3591 2488 3670 urbe
2533 3619 2676 3698 per
2713 3588 3016 3669 miliare
3046 3588 3433 3689 distante,
3477 3620 3558 3671 se
3591 3592 3923 3690 locavit3

1136 3725 1353 3806 unde
1391 3729 1656 3835 sepius
1684 3730 1911 3840 quasi
1952 3756 2050 3808 ex
2084 3727 2399 3809 insidiis
2436 3758 2896 3838 erumpenS‚
2938 3726 3462 3808 indiserenter
3490 3729 3924 3837 burgenses

1139 3891 1314 3941 cum
1363 3861 1762 3944 ruralibus
1809 3867 2168 3974 capienS,
2225 3865 2327 3946 ad
2372 3864 3012 3976 redempcionem
3069 3864 3406 3973 cogebat
3446 3865 3920 3973 importabi—

1134 3999 1291 4078 lem
1310 4062 1331 4098 ‚
1395 4017 1476 4079 et
1516 3998 1914 4111 quidquid
1965 4002 2220 4083 hostis
2282 4005 2369 4083 in
2411 4005 2722 4085 hostem
2765 4004 3178 4085 consuevit
3228 3998 3655 4080 crudeliter
3699 4031 3931 4084 exer-

1137 4138 1386 4217 cebat.

1248 4276 1409 4355 Tot
1454 4278 1910 4383 gravamina
1952 4278 2207 4378 illata,
2255 4278 2918 4360 Gandavensibus
2970 4305 3138 4357 non
3193 4279 3525 4357 incussit
3564 4276 3923 4391 formidi-

1135 4439 1315 4491 nem
1339 4473 1357 4509 ‚
1401 4409 1538 4491 sed
1579 4439 1714 4492 eos
1758 4410 1859 4491 ad
1898 4413 2393 4495 iracundiam
2428 4415 2926 4526 provocavit3
2976 4430 3057 4492 et
3097 4411 3330 4493 velud
3378 4413 3920 4494 infestacionis

1133 4552 1473 4631 scintilla
1516 4553 1602 4631 in
1638 4550 2092 4634 incendium
2128 4555 2740 4663 inextinguibile
2774 4555 3177 4652 crevisset,
3218 4556 3305 4633 in
3338 4557 3710 4635 comitem
3737 4583 3916 4634 exe·-

1129 4689 1463 4768 crabiles
1503 4691 2048 4796 excitaverunt
2088 4694 2553 4773 inimicicias
2596 4689 2830 4772 velud
2872 4694 2957 4772 in
2999 4693 3313 4773 hostem
3354 4693 3799 4803 publicum,
3837 4711 3916 4771 et

1127 4823 1646 4935 procedentes
1683 4830 1967 4908 armati
2009 4848 2349 4911 castrum
2405 4817 2738 4941 captum
2768 4831 3177 4912 solotenus
3226 4848 3706 4911 everterunt.
3752 4831 3909 4909 Ex-
