4666 6014
1136 683 1277 756 580
1570 661 2282 743 ‹CHRONIGORUM
2308 659 2690 734 ·KAROL1
2739 657 3027 732 sssx‘n
3075 655 3253 730 Lm.
3275 659 3284 666 “
3306 658 3443 730 lx,

1134 844 1407 909 contra
1452 821 1599 899 Dei
1639 818 2098 927 genitricem
2130 813 2458 891 Mariam
2495 810 2951 889 caruissent.
2992 807 3292 886 Iterum
3318 866 3339 903 ‚
3376 808 3446 886 si
3489 808 3903 913 negocium

1134 965 1402 1043 favore
1455 971 2010 1063 magnatorum
2056 950 2233 1058 quis
2281 945 2580 1027 diceret
2627 944 3027 1052 indigere,
3086 943 3201 1022 hii
3250 943 3337 1022 in
3361 957 3601 1023 'sacro
3641 944 3901 1051 papali

1134 1096 1436 1205 palacio'
1481 1090 1601 1171 ad'
1622 1091 2000 1170 lectorum
2020 1147 2039 1184 ,
2065 1084 2821 1194 penitenciariorum
2840 1142 2859 1179 ,
2890 1079 3430 1160 confessorum
3467 1075 3906 1186 similiaque

1132 1227 1807 1342 promovebantur
1827 1222 2112 1319 officia,
2134 1250 2224 1299 ac
2245 1222 2330 1299 in
2354 1217 2592 1299 curiis
2608 1218 3064 1327 principum
3082 1232 3308 1294 tanto
3326 1214 3907 1293 venerabantur

1134 1368 1422 1447 affectu
1442 1426 1462 1464 ,
1514 1361 1765 1472 quod,
1796 1357 2132 1439 tacendo
2172 1355 2270 1436 de
2319 1356 2642 1467 reliquis
2663 1417 2708 1453 ‚,
2736 1370 3030 1434 secreta
3070 1351 3742 1433 conscienciarum
3775 1367 3907 1432 to-

1134 1505 1298 1583 cius
1325 1501 1489 1579 fere
1528 1497 2033 1605 cognacionis
2064 1497 2277 1602 regie
2317 1493 2464 1573 soli
2504 1492 2894 1571 haberent
2925 1490 3223 1568 rimari.

1248 1635 1403 1716 Sed
1444 1637 1822 1720 istiswnon
1866 1630 2373 1710 obstantibus
2393 1689 2413 1727 ,
2455 1628 2686 1707 beata
2726 1628 2874 1706 Dei
2920 1626 3294 1732 genitrice
3331 1625 3578 1705 Maria
3618 1654 3906 1733 procu-

1135 1788 1395 1869 rante,
1429 1769 1558 1848 cui
1601 1795 1780 1847 cum
1830 1755 2473 1874 processionibus
2531 1761 2837 1842 devotis
2883 1761 3458 1871 missarumque
3501 1762 3906 1841 solemniis

1134 1906 1551 2014 negocium
1572 1927 1579 1955 ··
1600 1919 1977 2012 tanquam
2022 1927 2247 1978 suum
2292 1894 3014 1978 recommendatum
3055 1895 3318 1975 fuerat
3339 1957 3359 1993 ‚
3401 1895 3621 2004 quod
3660 1898 3905 1977 eciam

1137 2037 1717 2149 protegendum
1758 2052 2206 2144 susceperat
2227 2096 2248 2133 ‚
2307 2052 2554 2114 mater
2600 2032 3115 2129 UniversitaS‚
3147 2031 3150 2036 ’
3177 2033 3708 2112 hereticorum
3766 2055 3908 2113 n'o-

1135 2205 1363 2259 verca
1393 2238 1414 2275 ‚
1500 2176 1896 2254 intentum
1988 2171 2347 2279 optinuit
2416 2186 2948 2277 peroptatum.
3040 2155 3908 2252 Excommunicacionis

1137 2341 1480 2425 namque
1526 2310 2007 2391 sentenciam
2055 2308 2291 2387 latam
2339 2324 2620 2420 contra
2675 2305 2719 2383 J
2721 2305 3120 2384 ohannem
3178 2299 3622 2415 predictum
3673 2323 3908 2413 atque

1005 2549 1009 2553 ,
1134 2452 1484 2531 fautores
1523 2448 1770 2555 ipsius
1801 2475 1844 2523 a
1877 2444 2204 2524 domino
2252 2472 2457 2551 papa
2494 2439 2916 2556 directam,
2955 2470 3191 2550 quam
3235 2442 3576 2526 Parisius
3616 2461 3695 2522 et
3736 2444 3909 2550 relis-

1136 2589 1315 2695 quis
1342 2581 1791 2664 civitatibus
1820 2582 2046 2687 regni
2070 2576 2734 2686 promulgandam
2761 2574 3266 2674 decernebat,
3295 2576 3724 2658 letabunda
3746 2607 3910 2678 sus·-

1138 2724 1437 2831 cipiens
1457 2780 1476 2817 ,
1512 2717 1860 2797 -domino
1908 2716 2075 2822 regi
2117 2714 2416 2792 Karolo
2466 2712 2975 2819 presentavit,
3025 2713 3210 2818 ejus*
3231 2713 3909 2819 magnificenciam

1140 2860 1223 2935 in
1266 2857 1469 2964 juris
1518 2850 1981 2932 subsidium*
2012 2866 2293 2928 contra
2341 2876 2712 2957 sequaces
2751 2847 3742 2932 Johannisinstantisfisime
3791 2857 3910 2936 'req

1141 2993 1488 3100 quirem.
1566 2988 1947 3066 Omnium
2010 3014 2163 3096 que
2234 2985 2559 3092 premisi
2608 2982 2981 3063 dominus
3036 2984 3100 3062 F
3103 2985 3398 3065 erricus
3435 2985 3905 3085 *CassiuellL

1141 3126 1599 3234 Parisiensis
1623 3122 1985 3217 diocesiS,
2014 3138 2093 3200 et
2115 3120 2827 3201 Autissiodorensis
2845 3121 3287 3228 episcopus,
3311 3123 3433 3200 vir
3451 3123 3908 3234 eloquencia

1141 3260 1560 3358 clarus‚'in
1599 3258 2166 3365 temporalibus
2208 3274 2285 3336 et
2325 3244 2867 3365 spiritualibus
2902 3256 3335 3364 plurimum
3382 3244 3735 3341 eruditus
3760 3321 3779 3358 ,
3826 3262 3909 3345 in

1143 3409 1482 3508 utroque
1533 3397 1710 3503 jure
1762 3412 1843 3472 et
1902 3422 2119 3472 sacra
2167 3393 2456 3503 pagina
2521 3390 2806 3471 doctor
2860 3392 3585 3493 excellentissimus,
3647 3398 3911 3476 extitit

1142 3551 1559 3641 promotor
1610 3530 2058 3639 precipuus.
2107 3530 2302 3608 Rem
2346 3557 2686 3637 namque
2733 3557 2908 3608 cum
2961 3547 3185 3609 tanto
3230 3528 3496 3610 studio
3539 3548 3912 3641 tantaque

1142 3671 1439 3751 sollerti
1483 3667 1899 3776 diligencia
1941 3668 2283 3780 suscepit
2323 3690 2595 3771 amore
2637 3665 3085 3745 beatissime
3117 3667 3474 3775 Virginis
3513 3664 3911 3755 deducen‘-

1146 3807 1367 3905 dam,
1400 3805 1618 3915 quod
1654 3805 2041 3885 reiteratis
2078 3803 2383 3883 vicibus
2415 3805 2512 3883 ‘in
2544 3806 2750 3911 regis
2781 3803 3189 3912 presencia
3211 3778 3302 3883 'et
3326 3805 3910 3887 mammillas-

1147 3947 1391 4022 trium
1435 3939 1994 4049 probabilibus
2036 3938 2491 4018 racionibus
2542 3936 2951 4018 decertans
2981 3955 3271 4018 ‘contra
3311 3940 3660 4046 prefatos
3693 3943 3910 4049 jaco-

1145 4075 1724 4174 bitas‚‘tandem
1750 4073 2051 4178 eumad
2085 4073 2167 4154 id
2202 4072 2653 4175 inducit,·ut
2687 4101 2851 4154 non
2886 4074 3165 4171 solum,
3187 4100 3454 4189 mense
3484 4074 3908 4171 decembri,

1144 4217 1336 4321 ipsis
1370 4213 1711 4291 Parisius
1745 4210 2250 4290 manentibus
2297 4210 2874 4289 solemnitatem
2918 4209 3489 4318 Concepcionis
3536 4212 3914 4327 celebrari

1145 4351 1620 4460 preceperit,
1681 4345 1818 4426 sed
1875 4342 1952 4426 et
2010 4364 2098 4426 ut
2149 4346 2577 4427 adversarii
2633 4344 2985 4455 ejusdem
3036 4323 3500 4427 intemerate
3550 4348 3902 4456 Virginis

1141 4489 1438 4596 ubique
1469 4485 1636 4593 ejus
1678 4485 2144 4563 auctoritate
2183 4503 2690 4597 caperentur,
2744 4500 2823 4562 et
2863 4481 3184 4577 adducti
3225 4485 3565 4564 Parisius
3612 4484 3712 4567 ad
3761 4516 3910 4565 nu-

1145 4644 1311 4707 tum
1344 4621 1888 4701 Universitatis
1917 4618 2328 4701 maledicta
2349 4622 2712 4733 publice
2691 4638 3231 4701 retractarent.

1256 4762 1517 4867 thue
1558 4757 1656 4837 de
1686 4757 1956 4841 multis
2007 4775 2304 4838 taceam
2351 4760 2488 4867 qui
2530 4759 2682 4839 hoc
2722 4756 3251 4867 opprobrium
3291 4698 3844 4865 pertulerunt
3824 4789 3907 4839 in
