4666 6014
1111 721 1252 790 368
1539 708 2258 784 .CHRONICORUM
2310 712 2665 786 KAROLI
2715 711 2997 785 SEXTI
3049 713 3224 786 LIB.
3280 713 3406 789 VI.

1112 901 1147 939 (ι
1180 869 1380 944 'mite
1413 862 1833 970 dirigatur,
1871 880 2007 941 aut
2037 890 2238 971 opus
2266 862 2890 972 aggrediendum
2909 903 2917 907 ·
2936 881 3054 962 est
3083 863 3355 963 simul,
3394 864 3512 943 vel
3542 865 3604 942 si
3640 861 3738 943 de
3767 893 3896 943 va-

1110 1039 1145 1074 «
1189 1006 1468 1081 rietate
1490 999 1990 1109 ydiomatum
2024 997 2444 1098 dubitetis,
2470 1000 2879 1115 dexteram
2911 1000 3311 1108 eligenteS‚
3348 1001 3637 1080 Franci
3666 1003 3895 1080 sinis-

1108 1175 1143 1212 «
1186 1159 1392 1218 tram
1425 1138 1839 1217 tenebunt.
1873 1172 1909 1209 >2
1952 1136 2196 1236 Quod
2227 1155 2495 1217 tamen
2528 1140 2843 1245 penitus
2875 1137 3136 1216 facere
3171 1157 3661 1221 renuerunt·

1217 1277 1404 1355 Non
1438 1278 1663 1354 nivea
1705 1274 2129 1353 Scotorum
2158 1275 2807 1383 pusillanimitate
2832 1276 3176 1354 marcius
3216 1272 3459 1352 ardor
3489 1262 3895 1353 'deferbuit

1005 1398 1010 1404 ’
1103 1412 1533 1510 admiralli3
1576 1411 1715 1492 sed
1750 1441 1938 1490 mox
1971 1414 2360 1492 nuncium
2394 1411 2861 1511 destinavit,
2889 1415 3028 1521 qui
3061 1410 3568 1491 dedicionem
3610 1410 3891 1520 oppidi

1104 1556 1567 1660 imperaret3
1605 1581 1647 1629 a
1679 1580 1839 1659 quo
1872 1569 1963 1629 ut
1992 1567 2340 1658 spretam
2373 1553 2750 1659 cognovit
2779 1579 2959 1629 cum
2988 1549 3397 1629 derisoriis
3425 1549 3690 1628 verbis
3712 1610 3731 1646 ‚
3761 1577 3893 1628 au-

1103 1690 1303 1770 divit
1347 1690 1597 1767 eciam
1644 1706 1724 1766 et
1772 1689 2277 1796 capitaneum
2309 1681 2778 1767 remandare
2821 1716 2922 1767 ne
2960 1687 3289 1766 stultum
3324 1685 3889 1794 aggrederetur

1101 1828 1458 1906 laborem
1477 1888 1495 1923 ,
1524 1823 1996 1936 rediensque
2020 1853 2102 1903 se
2130 1825 2438 1904 felicem
2463 1843 2905 1934 reputaret,
2939 1826 3005 1903 si
3030 1851 3215 1903 suos
3240 1822 3596 1903 Gallicos
3622 1843 3890 1930 posset

1027 1975 1036 1990 ‘
1099 1965 1202 2042 ab
1229 1961 1542 2042 insidiis
1579 1981 1659 2040 et
1696 1960 1901 2041 doli's
1935 1962 2359 2042 Scotorum
2389 1965 2787 2041 consuetis
2826 1990 3316 2070 preservare,
3350 1960 3452 2040 ad
3484 1962 3887 2040 incucien-
3947 1985 3954 1992 ·

1099 2101 1292 2179 dum
1314 2118 1701 2179 terrorem
1731 2101 1972 2178 verba
2000 2098 2328 2179 credens
2354 2103 2866 2207 processisse,
2895 2127 3041 2177 nec
3071 2097 3261 2177 inde
3291 2100 3559 2176 animo
3588 2097 3885 2176 fractus

1095 2238 1551 2317 admirallus
1581 2235 1974 2346 oppidum
2007 2234 2431 2315 obsidione
2475 2239 2688 2344 cingi
2726 2237 2998 2346 jussit,
3031 2233 3442 2346 biduoque
3470 2234 3882 2313 alternatis

1093 2375 1395 2454 vicibus
1448 2376 1881 2484 inquietari
1923 2373 2374 2453 assultibus.
2419 2375 2646 2474 Quos
2699 2373 2967 2452 hostes
3015 2373 3563 2481 potentissime
3605 2390 3880 2479 pertu-

1093 2512 1357 2591 lerunt
1382 2574 1399 2608 ‚
1434 2530 1513 2590 et
1546 2510 1836 2590 multos
1859 2539 1952 2588 ex
1984 2512 2496 2618 Francigenis
2534 2510 3144 2590 vulneraverunt
3177 2512 3554 2618 graviter,
3587 2512 3751 2621 qui,
3780 2508 3881 2588 ad

1090 2650 1584 2740 strenuitatis
1627 2647 1949 2748 titulum
1982 2646 2551 2758 acquirendum
2573 2708 2590 2743 ,
2630 2675 2950 2726 murum
2982 2645 3543 2726 transcendere
3575 2648 3879 2726 viribus

1092 2783 1615 2863 conabantur.
1642 2784 2052 2882 Quociens
2078 2782 2549 2862 certandum
2569 2802 2763 2880 erat,
2787 2784 3026 2878 Scoti,
3059 2787 3283 2894 quasi
3306 2802 3560 2862 statue
3581 2803 3835 2863 erecte
3856 2846 3874 2881 ,

1091 2921 1538 3000 immobiles
1578 2949 1623 2998 a
1664 2920 1902 3028 longe
1945 2949 2025 2999 se
2065 2920 2449 3033 tenebant
2481 2919 2685 3028 pede
2735 2920 2895 2998 fixo
2919 2982 2938 3018 ,
2983 2919 3226 2998 finem
3265 2920 3702 2999 assultuum
3747 2949 3879 2999 ex-

1089 3077 1526 3165 pectantes;
1559 3086 1799 3168 quem
1831 3056 2157 3137 tandem
2190 3058 2577 3137 balistarii
2620 3088 2762 3166 per
2804 3060 3221 3137 circuitum
3266 3057 3683 3137 commode
3722 3059 3878 3137 col-

1088 3196 1322 3275 locati
1375 3193 1851 3275 laudabilem
1893 3194 2445 3279 reddiderunt.
2500 3197 2703 3273 Nam
2755 3194 2947 3274 dum
2987 3198 3254 3275 hostes
3308 3214 3569 3275 tractu
3611 3198 3873 3303 sepius

1087 3333 1605 3441 repelluntur,
1640 3333 1926 3411 Gallici
1959 3331 2499 3440 ingredientes
2529 3363 2803 3413 omnes
2832 3332 3328 3412 adversarios
3362 3332 3830 3412 occiderunt
3851 3396 3868 3427 ,

1086 3470 1473 3552 duntaxat
1513 3472 1929 3578 capitaneo
1975 3489 2345 3577 except0‚
2408 3489 2486 3548 et
2536 3471 2876 3579 spoliato
2934 3469 3274 3579 oppido,
3347 3467 3542 3547 illud
3604 3474 3868 3548 voraci

1085 3606 1398 3686 flamma
1427 3625 2127 3714 consumpserunt,
2173 3608 2588 3719 simileque
2630 3607 2728 3687 de
2755 3607 2923 3686 aliis
2957 3606 3270 3687 duobus
3296 3669 3313 3704 ‚
3348 3634 3692 3720 quorum
3728 3637 3869 3686 no-

1081 3746 1299 3822 mina
1330 3773 1496 3823 non
1534 3762 1765 3823 teneo
1788 3805 1806 3839 ‚
1836 3745 1918 3822 in
1950 3745 2234 3823 itinere
2268 3764 2772 3853 peregerunt.

1195 3881 1313 3959 Ex
1383 3880 1678 3959 auxilio
1734 3879 2122 3988 denegato
2164 3881 2590 3961 Scotorum
2644 3880 2887 3960 dubia
2955 3880 3113 3960 fide
3172 3900 3612 3988 comperta,
3658 3883 3862 3961 circa

1078 4017 1325 4095 'finem
1353 4016 1591 4125 hujus
1636 4021 1928 4097 mensis
1966 4019 2246 4098 Gallici
2294 4023 2582 4098 iterum
2615 4021 3165 4098 excursionem
3210 4017 3580 4097 hostilem
3628 4018 3865 4098 solito

1080 4157 1392 4232 caucius
1440 4172 1803 4261 egerunt,
1858 4175 1938 4234 et
2009 4157 2111 4234 ab
2160 4154 2456 4235 eisdem
2507 4155 2772 4254 divisi3
2823 4154 2958 4235 sed
3008 4154 3405 4267 quidquid
3460 4158 3712 4235 hostis
3778 4158 3863 4236 in

1081 4292 1390 4369 hostem
1422 4296 1828 4370 consuevit
1858 4311 2307 4373 exercentes
2327 4357 2345 4391 ‚
2376 4297 2766 4374 reiteratis
2797 4294 3104 4374 vicibus
3124 4357 3142 4393 ‚
3175 4323 3256 4373 se
3287 4295 3371 4372 in
3412 4293 3698 4374 bellico
3720 4323 3860 4402 ap-

1076 4446 1360 4535 paratu
1420 4449 1901 4537 posuerunt,
1958 4460 2056 4509 ne
2116 4433 2879 4512 circumvenirentur
2935 4460 3214 4511 eorum
3270 4429 3620 4527 insidiis;
3666 4458 3861 4539 quas

1075 4585 1337 4645 tamen
1373 4598 1523 4676 ope
1548 4588 1627 4646 et
1660 4567 2050 4648 industria
2087 4574 2397 4650 comitis
2431 4570 2779 4679 Duglays
2812 4568 3444 4664 declinaverunt,
3479 4568 3617 4676 qui
3647 4567 3859 4644 solus

1074 4734 1171 4782 ex
1209 4704 1461 4783 Scotis
1496 4705 1761 4785 eundo
1796 4725 1874 4784 et
1926 4705 2335 4791 redeundo
2374 4738 2654 4790 eorum
2695 4738 2955 4789 comes
2990 4704 3451 4819 individuus
3483 4722 3562 4783 et
3603 4699 3858 4784 fidelis

1073 4869 1383 4950 semper
1417 4842 1590 4921 fuit.
3056 4822 3109 4844 ψ
