4666 6014
1096 600 1241 674 696
1551 591 2235 669 GHRONICORUM
2284 591 2978 667 KAROLI.SEXT1
3026 590 3204 670 Lm.
3258 592 3393 668 xl.

1097 749 1387 829 siorem
1452 742 2030 826 sustinendum.
2086 741 2212 822 Ad
2266 744 2425 824 hoc
2470 746 2768 824 astucia
2826 761 3059 823 utens
3106 769 3382 824 omnes
3438 741 3874 850 prelaturas

1097 884 1361 992 regni,
1431 881 2067 990 perpaucissimis
2126 884 2550 987 exceptiS,-
2589 899 2948 989 tempore
3018 909 3165 961 suo
3231 880 3678 960 contulerat
3738 901 3876 963 aut

1098 1037 1596 1101 concesserat
1650 1017 2119 1126 permutari,
2176 1034 2255 1097 et
2323 1019 2671 1099 ambicio
2734 1020 2847 1099 sic
2908 1019 3211 1097 curiam
3275 1019 3670 1098 invaserat
3692 1080 3711 1118 ,
3786 1039 3876 1100 ut

1094 1187 1261 1238 non
1304 1157 1602 1267 absque
1651 1155 1874 1235 fluxu
1912 1184 2335 1235 munerum
2377 1158 2682 1264 ingenti
2713 1157 3218 1264 pontificium
3264 1154 3874 1257 concederetur;

1097 1323 1412 1404 semper¹
1448 1294 1697 1373 eciam
1730 1294 2109 1372 minimus
2147 1292 2770 1398 preclarissimos
2813 1295 3375 1404 competitpres
3416 1294 3876 1401 superabat,

1098 1432 1280 1512 licet
1329 1448 1534 1510 etate
1582 1448 1662 1509 et
1708 1429 2043 1508 sciencia
2088 1446 2575 1537 prestarent3
2628 1446 2709 1509 et
2760 1432 2982 1508 omni
3029 1428 3333 1510 secluso
3385 1432 3878 1510 consciencie

1095 1567 1473 1676 scrupulo
1499 1628 1518 1665 ,
1551 1566 1810 1675 gracie
1840 1565 2459 1675 ampliebantur,
2489 1570 2557 1646 si
2580 1566 3072 1675 peccunialia
3111 1566 3441 1646 servicia
3468 1568 3877 1673 prevenis-

1097 1723 1296 1784 sent.
1341 1706 1461 1782 De
1503 1703 1852 1812 bigamia
1911 1701 2305 1812 siquidem
2360 1732 2539 1782 cum
2588 1702 2938 1814 quodam
2972 1689 3370 1782 Castelleti
3411 1704 3875 1784 Parisiensis

1097 1841 1497 1923 causidico
1552 1839 2039 1951 dispensavit
2076 1841 2213 1949 qui
2252 1839 2657 1949 dyaconus
2691 1840 3592 1922 existebat..Consensiit
3630 1845 3878 1921 eciam

1097 1996 1189 2058 ut
1213 1975 1563 2090 quidam,
1598 1979 1739 2087 qui
1769 1977 2199 2057 nonnullos
2228 1979 2704 2058 criminosos
2728 1969 3096 2086 ut'judex
3128 1976 3870 2086 condempnaverat,

1099 2118 1183 2194 in
1222 2116 1449 2196 bellis
1490 2141 1808 2227 quoque
1846 2113 2320 2194 mortalibus
2352 2113 2920 2222 stipendiarius
2950 2116 3244 2213 fixerat,
3278 2132 3874 2221 promoveretur

1100 2252 1199 2333 ad
1242 2253 1811 2362 presbiteratus
1851 2249 2213 2361 gradum.
2259 2253 2356 2331 In
2387 2254 2637 2334 tercio
2677 2254 3394 2362 consanguinitatis
3427 2251 3680 2360 gradu
3707 2283 3875 2332 ma-

1100 2391 1480 2471 trimonia
1544 2390 2017 2469 contrahere
2071 2392 2601 2469 communiter
2653 2390 3205 2499 permittebat,
3270 2390 3584 2469 eciamsi
3645 2392 3875 2498 igno-

1096 2527 1296 2607 biles
1336 2546 1617 2608 essent.

1211 2664 1389 2765 Que
1428 2680 1708 2743 cuncta
1739 2691 1924 2742 cum
1960 2663 2062 2741 ab
2096 2665 2428 2772 antiquo
2478 2692 2525 2743 a
2559 2666 2887 2743 summis
2928 2662 3443 2770 pontificibus
3481 2691 3650 2742 non
3692 2693 3878 2744 con-

1100 2829 1312 2883 cessa
1361 2799 2170 2897 crederentur,‘multi
2207 2828 2375 2879 non
2416 2802 2585 2880 sine
2619 2830 3025 2882 murmure
3063 2819 3144 2880 et
3187 2802 3694 2910 impatiencia
3743 2832 3877 2884 au-

1100 2934 1455 3016 diebant.
1490 2936 1680 3016 Non
1720 2935 1862 3044 qui
1901 2934 2147 3014 verbo
2188 2937 2337 3015 Dei
2367 2955 2781 3044 pascerent
2814 2938 3118 3018 animas
3152 2935 3660 3019 subditorum
3683 3001 3702 3039 ,
3736 2938 3871 3020 sed

1099 3075 1239 3182 qui
1270 3072 1597 3152 auribus
1630 3073 2087 3181 principum
2127 3072 2530 3178 placencia
2569 3075 2927 3154 sciebant
2958 3101 3412 3182 suggerere,
3451 3093 3532 3155 et
3572 3078 3684 3155 eis
3711 3106 3877 3156 ver·

1099 3208 1225 3289 bis
1271 3209 1584 3288 lenibus
1615 3206 1958 3307 adulari,
2003 3205 2105 3286 ad
2143 3210 2642 3317 episcopatus
2675 3211 3235 3319 promovebat,
3278 3216 3636 3323 quamvis
3675 3211 3875 3315 divi-

1100 3375 1285 3425 nam
1314 3347 1799 3454 scripturam
1828 3346 1911 3422 in
1954 3342 2513 3426 benedictione
2553 3375 2691 3426 sua
2718 3338 3285 3455 profiterentur
3314 3375 3395 3427 se
3432 3351 3633 3427 scire
3661 3377 3877 3428 men-

1099 3466 1416 3564 cientes.
1474 3483 1626 3561 Hic
1684 3510 1872 3560 sane
1914 3483 2163 3561 eciam
2209 3480 2510 3564 sacram
2567 3484 3052 3597 theologiam
3105 3483 3725 3594 parvipendens,
3778 3516 3875 3566 ex

1100 3619 1256 3701 fide
1288 3619 1720 3728 dignorum
1750 3618 1997 3705 relatu
2025 3620 2271 3728 michi
2309 3623 2663 3702 innotuit
2698 3621 2915 3731 quod
2942 3685 2961 3720 ,
2992 3651 3170 3703 cum
3200 3620 3527 3734 quidam
3548 3626 3671 3706 vir
3696 3653 3877 3734 pre-

1098 3775 1385 3868 potens
1424 3758 1580 3837 sibi
1622 3758 1999 3866 proprios
2041 3774 2371 3866 nepotes
2424 3756 3051 3859 commendaret,
3097 3787 3447 3840 asserens
3495 3790 3747 3840 unum
3790 3763 3874 3841 in

1094 3896 1310 4005 jure,
1367 3894 1701 3976 alterum
1745 3894 1829 3973 in
1873 3892 2276 4002 theologia
2321 3893 2643 3975 studere
2693 3898 3036 3976 Parisius
3100 3932 3120 3982 ε
3182 3929 3221 3970 α
3269 3875 3530 3997 Quid,
3574 3900 3874 4009 inquit,

1102 4064 1140 4103 «
1167 4030 1554 4110 fatuitatis
1609 4029 1766 4110 fuit
1815 4028 1916 4109 ad
1984 4031 2136 4109 hoc
2191 4033 2530 4111 amicum
2580 4030 2952 4111 dilectum
3006 4031 3407 4140 applicare
3429 4094 3448 4130 ,
3508 4062 3686 4114 cum
3745 4035 3873 4113 isti

1096 4199 1135 4242 a
1165 4164 1516 4274 theologi
1547 4170 1709 4246 sint
1739 4165 2134 4246 fantastici
2163 4167 2524 4249 homines
2570 4167 3041 4278 reputandi?
3068 4203 3105 4242 »
