4666 6014
1164 657 1306 730 688
1631 647 2312 723 CHRONICORUM
2364 647 2719 721 KAROLI
2769 646 3052 719 SEXTI
3104 647 3278 719 LIB.
3336 647 3470 721 XI.

1160 791 1498 899 rariora,
1527 804 1613 882 in
1646 804 2178 910 suspicionem
2211 818 2475 914 tamen
2504 802 2722 881 venit
2749 797 2970 911 quod
2996 801 3530 906 conspirasset
3557 827 3738 880 cum
3766 829 3948 911 rege

1161 938 1445 1046 Anglie
1500 936 1803 1049 aliquid
1861 957 2146 1019 contra
2207 965 2567 1045 regnum.
2625 935 2897 1015 Multis
2958 963 3301 1044 namque
3359 936 3712 1016 consiliis
3770 967 3947 1019 cum

1161 1074 1441 1155 eodem
1475 1074 1768 1154 habitis
1800 1077 1882 1153 in
1911 1094 2248 1173 secret0‚
2285 1074 2603 1183 publice
2633 1074 2717 1151 in
2755 1073 3156 1179 presencia
3194 1072 3686 1153 Francorum
3718 1078 3946 1156 assis-

1160 1214 1546 1310 tencium,
1584 1214 1805 1291 omni
1843 1230 2146 1291 semoto
2187 1209 2530 1319 pudore,
2565 1208 2818 1319 jocale
2849 1236 3176 1288 aureum
3203 1236 3341 1290 seu
3375 1212 3690 1318 signum
3723 1211 3945 1293 ordi-

1163 1354 1289 1429 nis
1314 1351 1521 1458 regis
1550 1350 1882 1428 Francie
1915 1347 2359 1457 deponenS‚
2391 1343 2760 1458 aliudque
2788 1375 2831 1425 a
2859 1373 3045 1454 rege
3069 1346 3354 1455 Anglie
3383 1323 3707 1455 prefatox
3724 1348 3947 1429 flexis

1164 1485 1502 1594 genibus
1543 1487 1971 1591 recipienS,
2011 1463 2548 1591 juramentum
2600 1485 2949 1592 prestitit
2989 1481 3208 1594 quod
3264 1482 3458 1564 illud
3508 1486 3592 1565 in
3635 1488 3949 1592 signum

1168 1652 1369 1703 nove
1408 1622 2092 1702 confederacionis
2131 1621 2499 1702 deferret.
2594 1643 2597 1646 ·

1197 1766 1206 1774 ’
1277 1762 1396 1840 De
1431 1761 1742 1839 comitis
1780 1759 2298 1840 instabilitate
2325 1760 2615 1838 Franci
2650 1786 2809 1837 non
2854 1759 3256 1838 immerito
3286 1757 3681 1866 indignati
3724 1779 3948 1857 sunt,

1164 1925 1499 2005 eumque
1540 1897 1855 1976 inclitus
1895 1924 2154 1975 comes
2194 1900 2447 1975 sancti
2483 1896 2701 1975 Pauli
2742 1895 3287 2002 multipliciter
3327 1898 3788 2002 increpavit.
3848 1898 3949 1977 Ut

1166 2051 1427 2113 autem
1484 2036 1650 2142 regi
1715 2034 2016 2114 Karolo
2076 2011 2387 2144 jurenis
2448 2033 2759 2113 comitis
2809 2033 3082 2113 levitas
3134 2035 3376 2112 animi
3430 2036 3815 2133 innotuit,
3870 2055 3950 2116 et

1165 2172 1393 2251 multi
1453 2169 1867 2250 crederent
1929 2199 2110 2249 eum
2169 2173 2254 2250 in
2308 2169 2553 2249 verba
2614 2168 3122 2277 displicencia
3180 2199 3749 2279 prorumpere2
3794 2174 3950 2254 hoc

1165 2309 1422 2387 solum
1456 2308 1729 2387 intulit
1758 2305 2321 2416 respondendo
2357 2297 2372 2386 :'
2413 2342 2449 2381 r<
2485 2308 2662 2388 Viri
2689 2308 3399 2389 inconstantissimi
3437 2314 3757 2418 signum
3788 2330 3945 2406 est;

1168 2481 1204 2518 «
1247 2462 1327 2524 et
1385 2472 1534 2524 nos
1592 2446 1769 2553 plus
1832 2447 2096 2552 ipsum
2152 2462 2523 2553 optamus
2592 2444 2886 2523 habere
2950 2445 3361 2558 publicum
3416 2444 3945 2527 adversarium

1166 2616 1201 2654 «
1246 2611 1485 2690 quam
1513 2581 1788 2661 fictum
1817 2582 1932 2661 vel
1965 2582 2427 2689 ambiguum
2455 2582 2820 2660 amicum.
2856 2615 2893 2655 ι)
2925 2580 3122 2662 Inde
3150 2584 3655 2662 seminarium
3684 2583 3948 2664 future

1165 2717 1563 2798 discordie
1603 2722 1847 2798 eciam
1892 2719 2440 2826 circumspecti
2474 2719 3029 2825 presagiebant
3075 2746 3649 2826 processurum.
3695 2721 3797 2799 Et
3835 2723 3947 2800 sic

1163 2856 1502 2936 forsitan
1566 2857 2051 2962 contigisset.
2099 2853 2284 2934 Sed
2364 2854 2710 2961 prefatus
2783 2883 3044 2935 comes
3106 2858 3543 2935 amicorum
3619 2858 3945 2936 monitis

1167 3012 1428 3072 mente
1479 2992 1885 3072 revolvens
1957 2989 2175 3102 quod
2238 3009 2543 3100 egerat,
2599 2990 2697 3072 ad
2751 3021 3012 3100 regem
3060 2992 3396 3102 supplex
3449 2996 3805 3092 accessit,
3869 3014 3946 3074 et

1165 3129 1571 3208 humiliter
1611 3157 1692 3208 se
1735 3157 2115 3209 excusans
2157 3126 2368 3207 dixit
2405 3156 2488 3206 se
2530 3129 2698 3236 regi
2734 3127 3018 3237 Anglie
3066 3131 3631 3241 obsequiosum
3668 3131 3943 3227 fuisse,

1165 3264 1303 3345 sed
1356 3296 1518 3345 non
1571 3269 1723 3345 nisi
1764 3264 2031 3377 quo‘ad
2067 3266 2293 3345 licuit
2335 3268 3045 3374 consanguinitatis
3082 3269 3297 3375 jure,
3353 3296 3498 3348 nec
3544 3272 3627 3347 in
3671 3267 3942 3349 odium

1164 3406 1371 3508 regis
1400 3403 1518 3482 vel
1553 3406 1777 3510 regni
1813 3431 1895 3481 se
1925 3403 2175 3511 egisse
2201 3400 2505 3512 aliquid
2528 3464 2547 3499 ‚
2581 3404 2875 3513 quibus
2904 3405 3268 3511 optabat,
3300 3403 3681 3516 quamdiu
3705 3409 3946 3485 vitam

1167 3537 1518 3638 duceret,
1562 3538 2017 3649 cordialiter
2058 3539 2446 3618 famulari.

2073 3806 2739 3891 CAPITULUM
2801 3811 3043 3891 VIII.

1979 4018 2069 4076 De
2098 3988 2278 4079 morte
2306 4016 2585 4078 ,Iohannis
2614 4020 2763 4101 regis
2791 4000 3112 4099 Hyspanie.

1277 4221 1542 4301 Multis
1587 4225 1852 4329 regnis
1902 4222 2200 4332 absque
2252 4225 2539 4303 timore
2575 4252 3041 4331 guerrarum
3089 4226 3630 4323 manentibus»,
3688 4228 3945 4311 nullus

1167 4375 1429 4437 tamen
1503 4357 2146 4437 orthodoxorum
2217 4362 2678 4468 principum
2751 4363 3081 4443 curabat
3151 4361 3250 4443 de
3308 4367 3528 4471 gravi
3588 4367 3947 4447 scismate

1171 4523 1381 4574 nunc
1423 4493 1802 4591 durante;
1846 4495 1983 4575 sed
2025 4497 2683 4604 parvipendentes
2715 4500 3138 4579 Ecclesiam
3165 4561 3189 4603 ‚
3223 4499 3322 4579 de
3363 4505 3946 4614 transquilitate

1165 4631 1332 4739 ejus
1374 4632 1590 4743 loqui
1652 4630 2078 4714 inducebat
2122 4633 2577 4731 fastidium3
2628 4633 2730 4715 ad
2784 4664 3128 4751 quorum
3178 4640 3753 4719 correctionem
3803 4639 3947 4718 hec

1167 4765 1265 4849 de
1292 4797 1475 4875 rege
1502 4769 1907 4878 Hyspanie
1931 4770 2487 4851 narrabantur.
2507 4770 2630 4851 Ad
2658 4773 3246 4879 suscipiendam
3273 4804 3590 4855 causam
3605 4777 3944 4858 Ecclesie
