4666 6014
1079 648 1224 720 648
1569 631 2251 712 CHRONIGORUM
2300 629 2658 706 KAROL!
2707 626 2990 704 SEXTI
3039 628 3216 702 Lm.
3273 626 3374 701 X.

1084 789 1399 876 cunque
1439 763 1616 842 illos
1659 791 1801 842 sua
1840 789 2015 841 sors
2045 759 2324 858 ferret,
2372 755 2834 853 evaderent,
2880 752 3288 863 sequendo
3341 750 3867 863 quadraginta

1082 903 1302 985 milia
1356 927 1511 1012 que
1573 897 1675 978 ad
1724 896 2254 1006 Arragoniam
2309 896 2475 1006 jam
2530 881 2614 974 se
2666 891 3269 989 transtulerant3
3332 919 3520 971 nam
3571 892 3873 971 nullam

1084 1040 1497 1121 fortunam
1536 1065 1703 1117 nou
1758 1037 1954 1145 jugo
2016 1032 2242 1118 ducis
2294 1027 2848 1140 preferendam
2897 1028 3398 1109 estimabant.
3459 1027 3873 1109 Miseratus

1084 1201 1226 1258 rex
1281 1175 1637 1255 miserias
1697 1172 2445 1281 compatriotarum,
2505 1168 2844 1248 nuncios
2902 1183 3194 1246 stratos
3262 1167 3534 1246 animo
3587 1165 3875 1246 leniter

1091 1316 1361 1422 erigit,
1411 1312 1889 1420 promittens
1947 1337 2033 1388 se
2068 1306 2171 1387 de
2217 1307 2539 1386 illorum
2578 1303 3158 1385 calamitatibus
3202 1320 3687 1383 curaturum.
3731 1304 3876 1382 Pa-

1096 1470 1370 1531 truum
1403 1476 1720 1560 quoque
1761 1439 1990 1525 suum
2013 1507 2032 1545 ,
2075 1443 2358 1525 ducem
2397 1442 2731 1540 Biturie,
2776 1440 2917 1552 qui
2959 1468 3041 1520 se
3082 1442 3207 1522 vie
3248 1441 3619 1520 comitem
3657 1470 3880 1519 nun-

1099 1585 1240 1668 ciis
1277 1604 1357 1666 et
1384 1584 1742 1696 apicibus
1783 1582 2218 1680 obtulerat,
2263 1583 2347 1660 in
2381 1609 2518 1659 sua
2551 1577 2808 1687 patria
2851 1606 3257 1658 remanere
3287 1576 3738 1676 constituit,
3782 1605 3881 1656 ne

1102 1753 1247 1833 per
1309 1723 1797 1832 presenciam
1847 1722 2015 1828 ejus
2076 1719 2180 1798 ab
2220 1719 2499 1797 inolita
2557 1717 3072 1796 miseracione
3110 1716 3418 1795 vultum
3462 1733 3884 1812 averteret,

1105 1879 1242 1941 aut
1281 1861 1893 1940 criminosorum
1924 1857 2324 1936 accusacio
2366 1851 2817 1935 tardaretur
2836 1914 2856 1951 ,
2898 1869 3036 1932 aut
3064 1852 3242 1960 plus
3278 1852 3492 1959 justo
3531 1870 3890 1960 parceret

1111 1996 1585 2076 criminosis,

1231 2134 1564 2212 Nunciis
1618 2129 1806 2210 inde
1845 2130 2231 2225 remissis,
2274 2126 2405 2207 dje
2454 2126 2800 2208 secunda
2832 2127 3334 2235 septembris,
3376 2127 3879 2237 predecesso-

1121 2298 1299 2351 rum
1331 2296 1642 2347 morem
1675 2293 2024 2363 servans,
2050 2263 2153 2345 ad
2184 2265 2587 2345 ecclesiam
2618 2264 2831 2344 beati
2863 2267 3226 2373 Dyonisii
3246 2326 3265 2364 ,
3298 2266 3363 2344 F
3368 2268 3629 2346 rancie
3658 2294 3879 2374 pecu-

1122 2406 1339 2485 liaris
1381 2403 1739 2513 patroni,
1790 2403 2196 2482 licenciam
2257 2419 2726 2509 accepturus
2753 2464 2772 2499 ,
2824 2399 3322 2481 devotissime
3367 2403 3729 2501 accessit3
3771 2406 3900 2484 cui

1129 2544 1475 2651 glorioso
1511 2541 1861 2636 martiri,
1894 2557 1985 2618 ut
2028 2566 2497 2646 prosperum
2547 2537 2837 2618 faceret
2877 2540 3029 2618 iter
3070 2567 3294 2620 suum
3324 2602 3342 2638 ,
3383 2557 3568 2648 post
3614 2544 3894 2621 missa-

1130 2707 1308 2757 rum
1368 2677 1744 2758 solemnia
1768 2738 1788 2773 ,
1843 2676 2195 2783 preciosa
2250 2702 2405 2786 que
2442 2672 2830 2755 detulerat
2881 2653 2965 2753 in'
3018 2679 3541 2757 coronacione
3581 2681 3890 2787 regine,
3937 2697 3958 2712 ⁸

1131 2812 1425 2895 obtulit
1464 2811 1972 2909 indumenta,
2017 2811 2310 2922 quibus
2355 2810 2729 2920 deinceps
2771 2828 3205 2909 uterentur,
3265 2814 3403 2921 qui
3442 2813 3892 2894 solemnita-

1136 2950 1354 3035 tibus
1393 2950 1813 3033 missarum
1866 2949 2360 3058 evangelium
2416 2966 2495 3032 et
2545 2948 2957 3057 epistolam
3015 2966 3450 3033 cantarent.
3505 2952 3693 3032 Post
3746 2953 3890 3033 hec

1144 3086 1646 3168 Meledunum
1670 3148 1689 3186 ,
1759 3087 2113 3166 Montem
2177 3089 2417 3195 Argis
2438 3150 2456 3183 ,
2527 3088 2966 3169 Caritatem
3020 3115 3257 3196 super
3305 3090 3658 3197 Ligerim
3724 3119 3904 3198 per-

1139 3228 1564 3324 transiens,
1604 3253 1789 3305 cum
1813 3226 1901 3304 in
1927 3227 2309 3305 comitatu
2347 3224 2846 3303 Niverniensi
2886 3253 3066 3304 cum
3105 3224 3544 3332 predilecto
3573 3246 3914 3336 cognato

1141 3362 1504 3443 Johanne
1563 3362 1731 3442 filio
1795 3361 2015 3441 ducis
2088 3358 2548 3469 Burgundie
2611 3360 3070 3473 aliquandiu
3126 3391 3434 3446 moram
3480 3365 3910 3474 jocundam

1148 3501 1548 3596 traxisset,
1590 3515 1671 3578 et
1700 3500 1869 3606 ejus
1910 3497 2121 3601 dulci
2175 3500 2524 3608 alloquio
2576 3517 2969 3579 recreatus
3007 3499 3320 3599 fiaisset,
3373 3501 3560 3582 inde
3596 3526 3740 3610 per
3778 3505 3914 3582 Al·-

1151 3637 1542 3733 verniam,
1588 3633 2130 3742 Burgundiam
2179 3652 2257 3743 et
2315 3635 2976 3715 Masticonensem
3036 3639 3501 3718 comitatum
3547 3657 3908 3747 pertran-

1158 3773 1366 3851 siens
1385 3832 1405 3868 ,
1443 3770 1927 3879 Lugdunum
1956 3799 2204 3881 usque
2226 3773 2611 3881 pervenit.
2647 3771 2772 3855 Ibi
2801 3788 3102 3880 quanta
3128 3774 3382 3854 leticia
3412 3775 3622 3858 cives
3645 3806 3916 3887 regem

1160 3905 1674 4018 exceperunt!
1727 3910 1966 3988 Fama
2006 3908 2251 3989 refert
2289 3937 2428 3991 eos
2465 3912 2828 4020 equestri.
2854 3908 3142 3991 ordine
3176 3912 3664 3995 vestimentis
3708 3918 3921 4026 pari-

1160 4047 1309 4127 bus
1352 4050 1777 4157 insignitos
1827 4046 2095 4128 eidem.
2125 4046 2440 4133 obviam
2501 4052 3004 4156 processisse3
3066 4049 3393 4152 deinde,
3437 4053 3664 4135 flexis
3714 4058 3931 4165 geni-

1163 4182 1352 4283 bus,
1394 4186 1798 4292 persoluto
1832 4182 2107 4266 debite
2129 4185 2632 4266 salutacionis
2671 4187 2957 4286 affatu,
2997 4217 3083 4270 se
3127 4208 3207 4270 et
3237 4220 3377 4271 sua
3411 4191 3510 4273 ad
3552 4220 3689 4274 sue
3728 4194 3930 4278 bene

1162 4319 1541 4428 placitum
1580 4323 2009 4403 voluntatis
2049 4322 2464 4422 obtulisse,
2536 4325 2753 4431 prius
2809 4318 3067 4405 missis
3114 4331 3252 4440 qui
3304 4352 3525 4428 oveS,
3568 4330 3814 4412 boves
3851 4350 3930 4412 et

1162 4458 1344 4537 vina
1394 4486 1488 4538 ex
1541 4477 1768 4565 parte
1820 4460 2108 4539 civium
2167 4478 2736 4567 presentarent.
2793 4464 2956 4571 Ipsi
2998 4466 3242 4544 eciam
3311 4465 3791 4576 ingredienti
3846 4471 3931 4549 in

1165 4594 1448 4676 urbem
1510 4614 1854 4709 quatuor
1914 4595 2329 4677 domicelle
2393 4600 2743 4707 insignes
2803 4617 2883 4682 et
2954 4602 3512 4709 pulcherrime,
3581 4636 3777 4687 auro
3850 4624 3930 4688 et

1168 4733 1538 4813 varietate
1580 4760 2065 4842 gemmarum
2129 4736 2447 4833 amicte,
2496 4762 2679 4815 mox
2736 4737 3176 4839 affuerunt,
3223 4770 3374 4850 que
3421 4743 3744 4850 pallium
3790 4774 3930 4825 au-
