4666 6014
1065 647 1209 724 590
1531 637 2219 716 CHRONICORUM
2268 640 2625 716 KAROLI
2676 639 2959 714 SEX‘H
3013 637 3190 712 ΗΒ.
3243 637 3348 712 X.

1060 800 1299 894 bant,
1318 812 1408 875 ut
1428 794 1653 903 quasi
1678 793 2260 899 armigerorum
2276 794 2795 902 antiquorum
2813 817 3146 900 peregre
3163 788 3849 899 proficiaoencinm

1060 935 1405 1045 speciem
1438 929 1947 1026 denotarent;
1976 927 2197 1037 quod
2227 930 2746 1037 peregrinum
2787 928 2904 1007 vel
2936 915 3405 1034 extraneum
3434 923 3661 1009 valde
3696 929 3848 1012 fuit

1060 1073 1217 1150 hiis
1251 1070 1393 1179 qui
1427 1067 1981 1148 observancias
2019 1067 2389 1175 antiquas
2421 1065 2930 1174 ignorabant.

1178 1209 1273 1287 In
1312 1207 1467 1286 hoc
1509 1221 1754 1301 statu,
1796 1231 1984 1282 cum
2023 1222 2362 1282 matrem
2396 1201 2988 1284 dilectissimam
3026 1231 3277 1314 usque
3320 1202 3421 1283 ad
3469 1203 3846 1288 Sanctum

1062 1346 1537 1454 Dyonisium
1582 1338 2152 1424 conduxissent
2179 1402 2198 1437 ,
2256 1337 2470 1448 apud
2516 1340 2861 1420 Stratam
2913 1369 2995 1420 se
3036 1340 3618 1440 transtulerunt
3679 1342 3856 1421 sine

1060 1510 1327 1580 mora,
1360 1482 1545 1566 etin
1587 1476 1805 1558 dicto
1839 1477 2202 1586 prioratu
2228 1479 2797 1557 secrecioribus
2827 1477 3024 1557 locis
3056 1476 3256 1559 nudi
3283 1480 3368 1556 in
3405 1482 3849 1586 preparatis

1060 1621 1365 1701 balneis
1412 1647 1499 1698 se
1549 1613 2067 1696 mundarunt.
2125 1616 2312 1715 Quo
2376 1633 2698 1723 peracto
2724 1677 2743 1711 ,
2793 1616 3002 1693 circa
3050 1616 3311 1695 noctis
3366 1617 3698 1696 inicium
3747 1614 3846 1697 ad

1054 1784 1323 1865 regem
1377 1751 1713 1833 redeunt
1761 1748 2307 1849 salutandum,
2358 1779 2402 1828 a
2466 1778 2628 1861 quo
2684 1733 3031 1857 benigne
3081 1753 3424 1870 suscepti
3481 1771 3713 1850 sunt3
3770 1773 3850 1834 et

1061 1914 1254 1974 tunc
1283 1891 1384 1972 ad
1416 1890 1817 1970 ecclesiam
1858 1889 2283 2002 festinans,
2326 1915 2420 1966 eo
2468 1889 2692 1996 sequi
2726 1915 2809 1967 se
2849 1889 3207 1995 precepit
3249 1886 3495 1969 modo
3542 1891 3681 2001 qui
3724 1919 3845 1971 se-

1061 2032 1358 2142 quitur.
1384 2024 1882 2107 Indumentis
1908 2022 2289 2133 predictis
2314 2024 2562 2120 exuti,
2594 2051 2782 2102 mox
2809 2025 3301 2105 vestimentis
3330 2053 3537 2105 nove
3563 2027 3852 2126 milicie

1058 2165 1580 2247 adornantur.
1637 2162 1759 2242 Ex
1808 2161 2197 2256 oloserico
2258 2162 2476 2240 enim
2528 2161 2828 2240 rubino
2896 2163 3364 2242 vestimenta
3442 2161 3850 2273 dupplicia

1058 2304 1388 2384 minutis
1422 2302 1662 2382 variis
1690 2281 2055 2379 foderata
2085 2297 2620 2397 defferebant,
2651 2325 2900 2378 unum
2941 2296 3043 2378 de
3080 2295 3360 2380 subtus
3410 2300 3848 2382 rotundum

1059 2441 1160 2522 ad
1206 2440 1406 2520 talos
1444 2464 1697 2549 usque
1750 2454 2213 2545 protensum
2235 2498 2255 2533 ,
2304 2436 2634 2516 alterum
2681 2435 2783 2516 ad
2831 2435 3161 2516 modum
3211 2437 3641 2546 imperialis
3702 2440 3870 2519 cla--

1060 2577 1301 2658 midis
1330 2607 1375 2657 a
1405 2573 1744 2685 scapulis
1771 2573 1874 2654 ad
1904 2592 2200 2654 terram
2230 2570 2779 2679 dependentis.
2822 2573 3028 2674 Quo'
3050 2572 3332 2653 habitu
3376 2572 3738 2657 distincti
3771 2595 3849 2657 et

1060 2717 1361 2828 absque
1402 2716 1750 2823 capuciis
1791 2709 1891 2792 ad
1933 2711 2335 2792 ecclesiam
2374 2727 2564 2789 sunt
2612 2706 2960 2789 adducti.
2999 2710 3447 2819 Insignium
3491 2716 3852 2792 virorum

1059 2853 1428 2934 comitiva
1469 2848 1788 2960 preibat
1819 2866 1899 2928 et
1929 2847 2431 2957 sequebatur.
2461 2848 2793 2926 Domini
2821 2848 3075 2927 eciam
3107 2844 3344 2928 duces
3389 2848 3851 2959 Burgundie

1060 3007 1141 3071 et
1189 2989 1549 3073 Turonie
1585 2985 1689 3068 ad
1728 2986 1981 3068 levam
2016 3002 2097 3066 et
2135 2983 2238 3066 ad
2262 2982 2677 3065 dexteram
2718 2981 3212 3099 Ludovicum
3241 3014 3507 3095 regem
3547 2985 3850 3086 Sicilie,

1061 3125 1227 3205 dux
1253 3127 1504 3207 eciam
1532 3124 2104 3227 Boi-boniensis
2134 3142 2214 3203 et
2246 3122 2623 3203 dominus
2644 3124 2924 3203 Petrus
2947 3121 3048 3202 de
3078 3094 3432 3205 Navarra
3460 3125 3852 3208 Karolnm

1060 3260 1600 3361 deducebant3
1654 3279 1736 3341 et
1775 3261 1891 3340 hii
1933 3288 2209 3340 omnes
2258 3288 2443 3339 cum
2498 3286 2720 3369 rege,
2776 3250 2962 3340 ante
3010 3278 3455 3370 martyrum
3503 3288 3851 3373 corpora

1060 3414 1563 3479 sacrosancta
1605 3415 1922 3506 peracta
1961 3398 2374 3495 oracione,
2416 3424 2598 3478 cum
2621 3422 2918 3508 pompa
2947 3424 3110 3508 qua
3153 3417 3574 3499 venerant,
3617 3426 3852 3480 cena-

1061 3539 1223 3616 turi
1256 3537 1342 3616 in
1386 3530 1649 3617 aulam
1688 3536 1991 3643 regiam
2034 3532 2469 3614 redierunt.

1172 3672 1465 3755 Tunc
1444 3703 1528 3753 m
1561 3702 1841 3753 mensa
1876 3674 2083 3783 regis
2120 3676 2399 3781 regina
2446 3670 2747 3769 Sicilie,
2789 3671 3028 3754 duces
3070 3620 3527 3785 Burgundie
3567 3692 3648 3755 et
3683 3668 3850 3754 Tu-

1060 3817 1335 3912 rome,
1376 3841 1467 3893 ac
1495 3838 1638 3893 rex
1679 3811 2056 3891 Armenie
2090 3808 2360 3891 sedem
2379 3812 2885 3924 superiorem
2930 3829 3384 3893 tenuerunt.
3427 3812 3555 3895 Ad
3601 3812 3850 3899 levam

1060 3979 1207 4031 rex
1274 3948 1544 4029 Sicilie
1602 3966 1683 4028 et
1739 3949 1989 4029 frater
2055 3949 2227 4059 ejus
2285 3949 2634 4033 Karolus
2690 3947 3269 4051 consederunt,
3325 3970 3407 4033 et
3484 3981 3629 4063 per
3679 3956 3855 4039 aule

1061 4086 1531 4168 interiorem
1546 4086 1946 4167 ambitum
1960 4083 2299 4166 domine
2327 4105 2411 4167 et
2439 4084 2881 4186 domicelle,
2915 4087 3278 4170 claritate
3312 4107 3580 4171 tamen
3614 4118 3851 4199 gene-

1058 4227 1172 4306 ris
1210 4226 1300 4304 in
1330 4225 1705 4307 sessionis
1740 4222 2029 4304 ordine
2068 4224 2535 4321 observ-atu
2573 4224 3027 4339 celebrique
3061 4255 3256 4307 cena
3299 4227 3542 4327 facta,
3587 4233 3850 4309 omni·

1060 4362 1215 4442 bus
1272 4386 1413 4442 rex
1475 4359 1903 4459 valedicto,
1968 4359 2071 4442 ad
2140 4359 2715 4473 quiescendum
2785 4365 3164 4470 perrexit.
3239 4364 3601 4474 Insignes
3658 4394 3848 4447 vero

1061 4498 1597 4581 adolescentes
1658 4496 2032 4606 predicti,
2090 4498 2380 4581 habitu
2437 4528 2600 4614 quo
2665 4502 2891 4610 prius
2951 4518 3136 4581 ante
3185 4506 3549 4583 martires
3612 4502 3849 4584 redu-

1060 4654 1376 4737 cuntur,
1425 4653 1516 4718 ut
1553 4633 1894 4735 ibidem,
1949 4636 2156 4717 sicut
2197 4665 2373 4719 mos
2413 4622 2855 4750 antiquitus
2897 4637 3265 4737 inolevit,
3309 4643 3394 4720 in
3450 4642 3850 4721 oracioni-

1058 4774 1209 4859 bus
1250 4792 1840 4884 pernoctarent.
1892 4770 2049 4856 Sed
2095 4776 2281 4887 quia
2324 4793 2595 4856 tenera
2634 4794 2799 4857 etas
2843 4775 3264 4856 amborum
3319 4795 3547 4859 tanto
3591 4766 3846 4857 labori
