4666 6014
1086 683 1230 756 314
1578 665 2260 742 CHRONIGORUM
2309 664 2665 740 KAROLI
2713 663 2998 742 SEXTI
3047 666 3225 738 LlB.
3272 665 3366 739 V.

1085 825 1436 907 fioencia.
1488 820 1697 899 Nam
1761 800 2026 924 ipsum
2083 815 2462 895 remitens
2533 842 2718 894 suos
2772 840 3048 894 omnes
3107 812 3343 894 donis
3407 815 3867 921 ingentibus

1086 962 1531 1047 cumulavit.

1195 1102 1307 1180 Ut
1358 1087 1581 1179 ducis
1633 1094 2059 1176 familiares
2111 1092 2556 1176 retulerunt
2578 1155 2596 1191 ‚
2656 1092 2869 1170 inter
2918 1089 3529 1204 peregrinorum
3578 1093 3869 1171 eximia

1088 1238 1305 1320 dona
1359 1235 1734 1348 jocalium
1760 1294 1780 1332 ,
1835 1231 2432 1340 porciunculam
2501 1233 2702 1313 sacri
2764 1221 2963 1309 clavi
3025 1225 3395 1324 Domini,
3449 1225 3550 1307 ad
3617 1231 3871 1310 instar

1083 1376 1317 1486 grani
1367 1375 1688 1483 synapis
1708 1434 1727 1470 ,
1778 1370 2113 1480 recepit3
2169 1397 2411 1480 quam
2451 1386 2728 1475 postea
2771 1367 2990 1448 clavo
3029 1365 3293 1447 ferreo
3332 1365 3715 1475 conjungi
3750 1365 3870 1445 fa-

1086 1516 1303 1594 ciens
1353 1529 1433 1590 et
1485 1512 1571 1589 in
1611 1504 1958 1588 cristallo
2021 1501 2456 1612 reponens,
2508 1531 2606 1582 ex
2658 1531 2855 1582 auro
2902 1518 2983 1581 et
3024 1499 3431 1611 lapidibus
3494 1502 3873 1610 preciosis

1085 1648 1368 1730 Karoli
1419 1645 1690 1754 Mag-ni
1727 1643 2182 1752 ymaginem
2227 1639 2639 1722 sedentem
2692 1642 2779 1719 in
2836 1640 3137 1722 throno
3198 1668 3439 1724 aureo
3490 1640 3872 1722 fabricari

1081 1787 1319 1897 jussit
1340 1848 1358 1881 ‚
1401 1812 1557 1895 que
1596 1779 2119 1861 adorantibus
2174 1777 2481 1858 dictum
2530 1773 3056 1858 osculandum
3114 1777 3509 1884 preberet⁴
3569 1777 3868 1857 Trans-

1088 1925 1283 2003 actis
1342 1918 1531 2001 inde
1593 1935 1775 1997 octo
1829 1918 2064 1997 annis
2093 1977 2112 2014 ‚
2175 1944 2358 1995 cum
2406 1914 2661 2025 jocale
2684 1976 2703 2013 ,
2779 1911 3013 1993 velud
3081 1941 3372 1996 munus
3444 1915 3819 1993 eximium
3849 1977 3867 2010 ‚

1085 2059 1319 2138 fratri
1369 2083 1517 2136 suo
1558 2054 1741 2134 duci
1785 2050 2248 2160 Burgundie
2300 2050 2800 2148 contulisset,
2845 2067 2927 2130 et
2965 2048 3068 2128 ad
3113 2053 3575 2138 memoriam
3628 2048 3865 2131 redu-1

1088 2224 1270 2276 cens
1300 2191 1519 2306 quod
1555 2194 1795 2271 unico
1838 2190 2058 2268 clavo
2094 2188 2424 2267 Domini
2449 2188 2787 2266 Francia
2828 2184 3106 2266 dotata
3138 2205 3341 2267 esset
3364 2249 3383 2286 ,
3426 2187 3513 2266 in
3548 2187 3870 2270 ecclesia

1086 2331 1332 2439 regali
1357 2330 1569 2409 beati
1597 2327 1964 2435 Dyonisii
1993 2342 2461 2429 conservato
2478 2386 2496 2422 ,
2531 2324 2835 2436 inquiri
2862 2323 3054 2403 fecit
3082 2321 3506 2432 diligenter
3534 2324 3639 2408 ab
3668 2327 3870 2403 anti-

1083 2467 1505 2579 quioribus
1562 2464 1950 2571 religiosis
1994 2460 2204 2541 dicte
2253 2460 2572 2540 ecclesie
2598 2522 2616 2551 ,
2676 2463 2743 2540 si
2785 2490 2885 2541 ex
2926 2490 3022 2540 eo
3083 2461 3597 2570 porciuncula
3661 2459 3869 2540 dicta

1086 2604 1619 2712 processisset.
1659 2599 1863 2678 Cum
1892 2617 2157 2677 autem
2179 2597 2283 2676 ab
2303 2598 2417 2676 eis
2451 2594 2861 2678 didicisset
2892 2596 3257 2710 qualiter,
3292 2626 3506 2677 anno
3539 2600 3866 2677 Domini

1083 2739 1504 2822 millesimo
1545 2738 2103 2817 trecentesimo
2136 2751 2409 2843 septua
2416 2734 2718 2840 gesimo
2736 2795 2758 2832 ,
2800 2732 3148 2820 Kasolus
3202 2761 3341 2837 reg
3395 2734 3637 2814 irater
3678 2761 3869 2816 suus

1082 2877 1419 2957 similem
1485 2872 2086 2986 porciunculam
2143 2872 2631 2980 importunis
2686 2874 3249 2978 impetraverat
3310 2870 3683 2978 precibus
3702 2932 3723 2967 ,
3791 2887 3869 2949 et

1081 3013 1423 3125 qualiter
1451 3014 1624 3092 sine
1648 3028 1868 3091 taem
1892 3009 2435 3119 cujuscunque
2464 3036 2704 3115 super
2725 3006 3054 3116 pallium
3077 3007 3413 3087 sericum
3440 3004 3833 3088 ceciderat
3848 3071 3865 3105 ,

1081 3177 1266 3229 cum
1308 3148 1709 3228 aurifaber
1756 3147 2021 3255 regius
2066 3144 2642 3224 ferramentum
2682 3144 2912 3224 vellet
2962 3143 3181 3225 clavo
3224 3144 3625 3254 applicare
3643 3207 3663 3241 ,
3715 3128 3869 3225 hoc

1080 3286 1552 3367 miraculum
1602 3302 2020 3393 reputanS,
2057 3301 2140 3363 et
2195 3279 2528 3362 credens
2583 3278 2803 3395 quod
2854 3282 3002 3361 hec
3053 3279 3154 3362 de
3206 3311 3389 3391 rege
3432 3281 3531 3362 ad
3579 3311 3870 3393 papam

1082 3424 1607 3533 pervenisset,
1650 3448 2058 3503 concessas
2097 3420 2475 3532 reliquias
2519 3418 2891 3505 devocius
2935 3448 3176 3537 quam
3216 3439 3444 3500 antea
3479 3417 3862 3499 adoravit.

2013 3835 2018 3841 .
2069 3712 2657 3801 CAPITULUM
2703 3716 2846 3795 ΙΙΙ.

1999 3926 2089 3987 ne
2119 3926 2411 3988 miraculis
2441 3926 2597 3988 beati
2640 3912 2927 4009 Dyfonisii.

1145 4142 1154 4149 ’
1197 4137 1310 4216 Ut
1355 4137 1442 4214 in
1489 4135 1726 4213 terris
1782 4151 2216 4243 patronum
2267 4136 2507 4241 regni
2551 4134 2888 4213 Francie
2917 4194 2936 4230 ,
2988 4130 3530 4211 beatissimum
3574 4130 3871 4209 scilicet

1075 4273 1555 4384 Dyonisium
1629 4271 2176 4385 Ariopagitam
2196 4333 2215 4369 ,
2280 4272 2680 4350 Dominus
2744 4267 3244 4366 mirificaret,
3310 4264 3639 4346 'laudum
3703 4267 3870 4375 ejus

1080 4412 1461 4521 preconia
1493 4408 1898 4489 miraculis
1941 4409 2454 4523 sequentibus
2501 4408 3064 4516 augmentavit‘
3124 4402 3475 4508 Quidam
3528 4430 3871 4512 namque

1078 4547 1466 4658 panificus
1519 4544 1619 4626 de
1660 4544 1846 4625 villa
1883 4545 2097 4626 beati
2138 4546 2513 4655 Dyonisii
2575 4556 2898 4624 sensum
2948 4543 3269 4653 penitus
3330 4541 3700 4637 amiserat
3719 4598 3738 4633 ‚
3792 4555 3869 4615 et

1078 4705 1445 4798 arreptus
1481 4715 1529 4771 a
1571 4683 1911 4765 demone
1930 4747 1950 4785 ‚
1996 4712 2376 4795 spumans
2421 4713 2516 4765 ac
2567 4682 3068 4767 terribilibus
3104 4681 3433 4765 vocibus
3481 4677 3827 4758 clamans
3847 4737 3865 4769 ‚

1076 4824 1432 4906 volentes
1465 4821 1568 4904 ad
1603 4825 1869 4932 ipsum
1887 4816 2255 4904 accedere
2274 4823 2398 4903 vel
2429 4819 2690 4902 eidem
2720 4836 3253 4919 occurrente&
3283 4813 3516 4898 velud
3540 4812 3867 4893 effrenis
