4666 6014
1981 793 3087 1054 CHRONICORUM

1635 1087 3565 1396 ‘KAROLISEXTI'

1976 1537 2339 1624 LIBER
2410 1529 3045 1679 SEPTIMUS.

2372 1791 2693 1845 Pontificum
2717 1810 2800 1856 tx,

2368 1863 2752 1932 Imperatorum
2778 1866 2954 1921 nullus
2967 1903 2983 1936 2

1515 1936 1660 1992 Anni
1685 1936 1904 1991 Domini
1927 1955 2269 1992 ucocnxxxvx.
2369 1937 2693 1991 Francorum
2722 1959 2828 2004 vn,
2880 1977 2895 1990 .

1920 2005 1933 2019 '
2368 2009 2665 2078 Anglorum
2692 2030 2723 2064 x
2737 2046 2755 2076 ,

2367 2085 2556 2139 Sicilie
2587 2105 2650 2139 11.

2116 2581 2781 2700 cAPrrtJLUM
2848 2588 2911 2661 1.

1649 2815 1736 2875 Ad
1763 2814 2123 2875 tractandum
2152 2836 2282 2874 cum
2316 2816 2572 2897 Anglicis
2598 2837 2702 2876 rex
2729 2817 2999 2877 Armenie
3029 2818 3237 2878 missus
3261 2819 3391 2880 fuit.

703 3077 830 3124 Anni
868 3079 1057 3128 nomn-‚1
1240 3045 1676 3124 Transacto
1701 3040 1969 3123 federe
2000 3041 2379 3124 induciali
2410 3043 2631 3156 quod
2665 3048 2875 3127 inter
2900 3048 3236 3128 Francie
3258 3066 3338 3127 et
3358 3050 3644 3158 Anglie
3675 3079 3899 3161 reges

707 3166 1048 3204 '’⁰⁰⁰¹'¹'⁰‘'¹'
1122 3149 1598 3285 convenerat
1619 3242 1639 3279 ‚
1693 3210 1876 3260 cum
1941 3183 2325 3289 pruinose
2376 3185 2801 3265 senectutis
2869 3184 3106 3292 hujus
3156 3187 3349 3265 anni
3405 3161 3715 3269 detersa
3766 3219 3894 3269 ca-

1121 3318 1326 3398 nicie
1401 3318 1734 3398 instaret
1784 3345 2028 3397 verna
2088 3320 2512 3426 temperies
2532 3381 2551 3416 ,
2608 3317 2711 3399 ad
2771 3320 3115 3430 regalem
3167 3325 3472 3404 curiam
3550 3327 3894 3435 majores

1116 3454 1355 3536 duces
1430 3455 1818 3535 exercitus
1879 3456 2108 3563 regni
2156 3473 2704 3535 convenerunt
2730 3518 2749 3554 ‚
2806 3457 3100 3568 quibus
3164 3487 3305 3538 rex
3357 3488 3572 3547 anno
3613 3478 3889 3541 exacto

1109 3595 1447 3703 jusserat
1494 3612 1586 3674 ut
1645 3588 2175 3703 undecunque
2240 3610 2567 3701 possent
2642 3592 3107 3702 colligerent
3192 3597 3506 3704 agmina
3565 3596 3894 3678 bellato-

1114 3759 1315 3810 rum.
1343 3731 1454 3808 Ut
1475 3756 1716 3838 super
1737 3729 2069 3809 instanti
2097 3726 2598 3809 adunacione
2626 3729 3114 3841 colloquium
3142 3731 3595 3830 haberetur,
3632 3735 3888 3842 regale

1112 3866 1675 3947 consistorium
1713 3864 2137 3944 celebravit
2155 3925 2174 3961 ,
2216 3864 2305 3945 in
2360 3893 2523 3976 quo
2570 3867 2947 3974 precipue
2995 3865 3534 3948 interfuerunt
3577 3867 3886 3949 domini

1109 4001 1584 4084 nominandi
1615 4002 2068 4082 Ludovicus
2111 3999 2276 4081 dux
2314 4000 2672 4083 Turonie
2689 4064 2709 4099 ‚
2748 4002 2996 4082 frater
3038 4004 3246 4110 regis
3261 4065 3281 4101 ‚
3316 4003 3617 4086 Biturie
3632 4067 3651 4103 ‚
3696 4006 3889 4085 Bur-

1108 4136 1443 4246 gundie‚
1480 4136 1581 4219 de
1611 4138 2023 4218 Borbonio
2058 4134 2331 4235 duces,
2364 4138 2534 4246 ejus
2562 4137 2965 4236 avunculi,
3017 4154 3098 4217 et
3141 4167 3310 4219 non
3351 4139 3608 4220 solum
3654 4161 3887 4254 quot-

1106 4292 1310 4388 quot
1359 4274 1458 4356 de
1522 4277 1739 4384 regia
1800 4276 2050 4382 stirpe
2112 4268 2518 4355 ducebant
2584 4276 2981 4384 originem
3013 4336 3033 4374 ‚
3109 4275 3249 4357 sed
3309 4270 3389 4357 et
3451 4307 3632 4359 cum
3698 4309 3883 4389 rege

1104 4415 1480 4495 Armenie
1535 4411 1906 4493 nonnulli
1985 4412 2325 4492 barones
2392 4413 2645 4492 incliti
2700 4431 2780 4493 et
2836 4415 3246 4528 antiquam
3324 4416 3727 4497 trahentes
3784 4446 3881 4497 ex

1102 4551 1505 4660 generosis
1532 4550 1852 4660 proavis
1879 4550 2291 4657 sanguinis
2329 4547 2827 4658 dignitatem.
2861 4551 3025 4652 Qui
3055 4553 3376 4633 secretis
3403 4553 3756 4634 consiliis
3781 4584 3880 4634 ex

1110 4686 1377 4768 officio
1423 4688 1833 4787 assistunt,
1871 4686 2211 4796 majores
2243 4686 2600 4801 referunt
2630 4688 3021 4768 censuisse
3064 4716 3218 4798 pro
3246 4706 3481 4798 pacto
3511 4687 3873 4771 inducia-

1103 4850 1283 4905 rum
1315 4852 1483 4905 non
1513 4825 1690 4932 plus
1720 4824 2264 4933 legacionibus
2289 4823 2717 4925 utendum,
2756 4826 3016 4906 nullos
3049 4810 3339 4908 amodo
3364 4822 3660 4937 legatos
3695 4829 3879 4908 hos-
