4666 6014
1072 640 1120 708 ιι
1587 624 2273 702 cunomconum
2325 621 2683 721 isimon
2734 622 3018 698 sssx'rl
3069 619 3244 701 Lm.
3301 621 3359 697 1.

1073 762 1349 892 ignota
1378 780 1578 860 mihi
1598 778 1951 859 Tulliani
1986 802 2154 856 non
2186 751 2602 856 excusabit
2636 775 3035 856 rhetorica
3061 839 3080 874 ,
3115 773 3253 856 sed
3284 775 3537 856 solum
3570 769 3877 854 sincera

1073 921 1398 1016 caritas,
1432 916 1533 998 ad
1575 917 1729 997 hoc
1762 944 1964 1025 opus
1991 916 2335 1031 effcitata
2357 910 2780 994 reverendi
2810 915 2894 992 in
2931 912 3257 995 Christo
3288 915 3544 1023 patris
3568 911 3877 992 domini

1075 1062 1176 1138 N.
1215 1057 1346 1156 N„
1372 1055 1522 1137 vel.
1557 1055 1661 1133 G.
1688 1072 1767 1134 et
1796 1054 1882 1132 P.
1912 1052 2331 1152 abbatum,
2360 1052 2677 1131 abbatis
2716 1053 3078 1162 imperio,
3128 1053 3277 1132 Cui
3310 1076 3598 1161 parens
3624 1052 3880 1133 humi-

1076 1198 1278 1296 liter,
1327 1223 1494 1274 non
1551 1193 1956 1272 sanctitati
2001 1219 2138 1269 sue
2184 1190 2660 1270 subtrahere
2705 1187 3007 1301 aliquid
3057 1207 3177 1271 est
3232 1191 3546 1269 animus
3602 1217 3880 1271 eorum

1078 1335 1480 1430 omnium,
1520 1356 1676 1444 que
1721 1328 1822 1410 ad
1858 1356 2129 1408 aurem
2166 1325 2435 1407 cordis
2493 1328 2650 1407 mei
2695 1327 3069 1438 loquetur
3099 1323 3296 1406 fides
3345 1355 3519 1405 mea
3552 1323 3712 1404 fida
3755 1355 3878 1405 re-

1075 1473 1383 1552 lacione
1429 1467 1701 1580 adjuta
1720 1530 1740 1567 ‚
1792 1485 1871 1547 et
1911 1495 2067 1578 que
2098 1463 2766 1549 commenda-bilia
2806 1466 2929 1543 vel
2972 1482 3165 1545 note
3203 1465 3707 1575 subjacencia
3739 1461 3884 1542 hu-

1073 1612 1201 1721 jus
1240 1607 1754 1687 illustrissimi
1782 1606 1995 1712 regis
2026 1622 2391 1710 tempora
2414 1602 3017 1682 ministrabunt.
3047 1603 3210 1703 Qui
3243 1604 3308 1680 si
3340 1602 3549 1680 forte
3577 1600 3883 1713 aliquid

1078 1748 1257 1859 plus
1301 1749 1664 1840 minusve
1695 1745 2085 1853 reperiret
2134 1771 2380 1857 quam
2439 1739 2793 1839 deceret,
2855 1741 3410 1848 ignoranciam
3469 1742 3842 1818 accusans
3864 1803 3880 1835 ,

1079 1886 1238 1966 sibi
1283 1879 1821 1993 supplendum
1865 1898 2002 1962 aut
2049 1876 2238 1959 lime
2285 1909 2424 1961 sue
2459 1878 2981 1959 correctionis
3038 1876 3588 1975 resecandum,
3621 1878 3885 1955 anime

1081 2022 1306 2102 flexis
1341 2021 1786 2133 poplitibus
1827 2020 2243 2103 submitto.
2352 1994 2382 2009 μ
2618 1995 2623 2000 ’

1193 2161 1377 2261 Qua
1421 2140 1569 2269 spe
1603 2137 1890 2257 fretus,
1929 2187 1974 2237 a
2013 2156 2378 2267 preclara.
2420 2158 2591 2276 ejus
2634 2158 2887 2265 stirpe
2938 2185 3256 2236 sumens
3315 2153 3777 2251 exordium,
3820 2157 3883 2234 is

1080 2327 1174 2377 ex
1236 2297 1565 2377 illustris
1635 2295 1862 2376 ducis
1933 2296 2508 2379 Boi-boniensis
2577 2294 2735 2374 filia
2817 2292 3146 2374 domina
3204 2295 3613 2391 Johanna,
3672 2293 3886 2372 velut

1081 2465 1177 2515 ex
1202 2435 1495 2517 arbore
1510 2432 1888 2539 dulciflua
1914 2433 2276 2515 surculus
2300 2430 2744 2545 egredienS,
2772 2450 2852 2512 et
2874 2434 3041 2544 qui,
3060 2430 3427 2515 nondum
3452 2428 3844 2512 duodenis
3865 2496 3883 2528 ,
3981 2404 3994 2411 ’

1082 2573 1428 2652 morales
1481 2599 1785 2696 summe
1834 2573 2355 2680 ingenuitatis
2401 2570 2640 2651 flores
2679 2568 3130 2653 odoriferos
3172 2571 3543 2649 emittens
3563 2631 3581 2667 ‚
3633 2572 3885 2676 patris

1175 4848 1186 4868 ¹
1238 4840 1376 4901 Var.
1398 4866 1410 4893 .-
1435 4840 1688 4916 η“,5960,
1712 4841 1811 4897 sol.
1843 4859 1912 4916 29
1939 4862 1989 4898 r.
2010 4842 2309 4900 Borbonie.
