4666 6014
1112 669 1258 757 444
1571 667 2254 745 CHRONICORUM
2302 656 2660 739 KAROLI
2710 661 2994 737 SEXTI
3042 661 3228 734 LIB..
3274 657 3436 737 vn.

1111 834 1267 912 bus
1311 823 1685 932 auspiciis
1733 819 2169 902 obviabant
2192 879 2211 916 ,
2254 816 2504 897 libere
2551 810 3150 924 respondebant
3201 811 3358 892 hoc
3402 838 3449 892 a
3499 837 3684 918 rege
3739 837 3907 890 sus-

1121 965 1423 1075 cepisse
1478 962 1567 1041 in
1606 955 2002 1038 mandatis
2019 1018 2041 1056 ,
2095 983 2336 1067 seque
2389 950 2489 1032 de
2552 950 2683 1032 die
2722 933 2830 1030 ¹in
2878 947 3095 1029 diem
3149 949 3409 1029 socios
3465 975 3648 1028 cum
3703 943 3904 1027 duce

1083 1097 1653 1183 Borboniensi
1695 1093 2208 1177 advenientes
2257 1107 2677 1200 expectare
2699 1151 2719 1189 ,
2759 1105 2854 1169 ut
2893 1115 3076 1168 eum
3105 1085 3343 1168 solito
3371 1086 3629 1167 acrius
3663 1086 3909 1193 impe-

1121 1237 1419 1320 dirent.

2080 1559 2746 1687 cAmTuLUM
2810 1606 2959 1690 v1.

1576 1843 1666 1904 De
1697 1863 1839 1924 pace
1864 1840 2013 1902 facta
2043 1843 2192 1902 iuter
2228 1863 2421 1925 regem
2454 1841 2758 1938 Hyspauie
2787 1854 2845 1902 et
2870 1841 3077 1904 ducem
3103 1841 3459 1901 Leucastrie.

1243 2075 1919 2182 Francigenarum
1942 2100 2349 2154 sermones
2370 2076 2459 2154 in
2482 2091 2762 2186 pectus
2783 2069 3008 2154 ducis
3031 2073 3276 2154 alcius
3298 2069 3910 2168 descenderunt;

1135 2231 1216 2295 et
1255 2239 1359 2293 ne
1398 2208 1755 2292 adauctis
1793 2211 2100 2292 viribus
2130 2229 2412 2293 contra
2453 2210 2656 2292 duos
2687 2213 3076 2293 exercitus
3122 2210 3720 2321 compelleretur
3758 2237 3902 2319 pu·
4018 2249 4037 2270 ⁴

1135 2377 1384 2457 gnare
1402 2410 1422 2448 ,
1457 2346 1560 2428 ad
1605 2348 2169 2428 exterminium
2196 2351 2426 2457 regni
2450 2349 2688 2460 jussit
2724 2377 2911 2430 suos
2944 2347 3047 2429 ad
3079 2350 3466 2429 interiora
3495 2345 3902 2458 progredi,

1132 2486 1369 2566 solito
1443 2486 1965 2594 impetuosius
2025 2487 2408 2593 grassari,
2489 2503 2569 2566 et
2621 2513 2985 2566 exercere
3040 2483 3439 2598 quidquid
3496 2485 3750 2565 hostis
3810 2486 3896 2563 in

1135 2624 1442 2702 hostem
1505 2622 1938 2701 consuevit.
2010 2619 2243 2700 Tunc
2298 2619 2771 2701 incendiarii
2825 2622 3424 2731 premittuntur,
3480 2625 3623 2734 qui
3682 2621 3919 2729 longe

1135 2758 1450 2870 lateque
1490 2783 1636 2865 per
1683 2785 2021 2864 regnum
2059 2754 2499 2863 grassando
2538 2756 2961 2856 hostiliter,
2998 2742 3146 2837 nec
3185 2757 3428 2837 ullam
3469 2786 3639 2838 rem
3676 2759 3902 2837 inco-

1137 2896 1429 2974 lumem
1475 2893 2020 3003 relinquerent
2040 2953 2059 2991 ,
2106 2896 2234 2971 cui
2264 2893 2482 2973 ferro
2526 2910 2663 2974 aut
2692 2897 2878 3003 igne
2914 2896 3187 2973 noceri
3226 2912 3516 3004 posset.
3564 2895 3897 3006 Sequuti

1139 3050 1329 3114 sunt
1358 3050 1435 3113 et
1460 3031 1766 3140 pugiles
1795 3028 2283 3111 crudelitatis
2312 3034 2706 3130 ministri,
2731 3033 2874 3143 qui
2903 3049 3250 3140 stragem
3276 3034 3927 3114 immanissimam

1142 3188 1600 3279 operanteS,
1634 3165 2140 3265 condicioni,
2186 3170 2377 3247 etati
2416 3166 2539 3246 vel
2580 3167 2803 3247 sexui
2834 3195 3007 3247 non
3036 3186 3485 3278 parcerent.
3525 3171 3695 3250 Hac
3723 3168 3926 3268 illac,

1142 3334 1626 3419 quocunque
1697 3305 2102 3413 regnicole
2159 3303 2586 3383 flectebant
2644 3300 2915 3384 o‘culos
2930 3365 2950 3403 ,
3009 3303 3307 3413 ubique
3360 3306 3801 3413 periculum
3848 3325 3957 3386 et-

1145 3445 1802 3525 immanissimam
1838 3442 2125 3523 mortis
2160 3440 2595 3521 cernebant
2621 3439 3072 3550 ymaginem
3090 3501 3111 3538 ,
3153 3458 3234 3521 et
3268 3436 3650 3521 dolebant
3685 3441 3920 3522 inno-

1147 3600 1411 3664 centes
1438 3583 1614 3661 sine
1642 3578 2106 3660 differencia
2135 3578 2430 3660 involvi
2464 3580 2944 3689 cumimpiis
2960 3643 2978 3659 .

1259 3719 1580 3822 Quibus
1632 3735 1957 3799 vexatus
2011 3714 2541 3815 incommodis
2593 3744 2735 3797 rex
2789 3715 3124 3798 Castelle
3149 3777 3169 3811 ,
3222 3744 3403 3798 cum
3452 3717 3759 3798 viribus
3813 3718 3915 3799 ad

1151 3854 1681 3938 resistendum
1738 3884 1887 3965 par
1941 3883 2112 3935 non
2160 3871 2364 3934 esset
2389 3915 2409 3953 ,
2460 3851 2561 3933 de
2610 3852 2946 3935 consilio
2985 3854 3384 3934 baronum
3403 3917 3422 3954 ,
3462 3883 3702 3966 super
3742 3884 3936 3964 pace

1151 4011 1426 4075 mutua
1486 3995 1765 4074 statuit
1823 3992 2223 4072 celebrare
2275 3990 2604 4073 consilia
2625 4052 2645 4091 ,
2704 4020 2751 4071 a
2804 4019 3071 4072 mense
3109 4020 3343 4101 mayo
3390 4010 3471 4073 et
3515 3993 3924 4106 hucusque

1061 4158 1068 4166 ·
1155 4129 1439 4211 ducem
1488 4129 2119 4211 Borboniensem
2175 4157 2360 4210 cum
2409 4130 2570 4209 suis
2625 4129 2876 4239 copiis
2928 4147 3468 4238 pugnatorum
3498 4134 3815 4211 nunciis
3850 4149 3929 4210 et

1158 4268 1520 4379 apicibus
1573 4268 2006 4349 accelerare
2055 4285 2516 4367 monuerat,
2565 4295 2753 4378 egre
2800 4268 3064 4349 ferens
3114 4266 3336 4381 quod
3389 4264 3718 4348 tamdiu.
3749 4296 3926 4349 cum

1159 4406 1567 4488 Clemente
1596 4434 1908 4487 summo
1939 4405 2324 4516 pontifice
2343 4431 2650 4485 moram
2674 4406 2834 4486 sibi
2866 4404 3390 4519 dampnosam
3420 4404 3794 4515 traheret.
3820 4408 3927 4484 At

1157 4545 1303 4626 ubi
1321 4573 1503 4626 eum
1517 4545 1909 4654 comperit
1934 4572 2117 4624 cum
2141 4543 2356 4623 mille
2381 4544 2645 4624 electis
2668 4544 3258 4654 pugnatoribus
3286 4571 3514 4623 oram
3527 4543 3932 4652 Hyspanie

1160 4683 1325 4793 jam
1379 4684 1862 4792 ingressum,
1907 4678 2291 4792 progredi
2341 4679 2676 4761 ulterius
2725 4682 3058 4762 minime
3107 4670 3442 4790 dignum
3483 4677 3736 4759 duxit.
3793 4677 3945 4758 So·

1165 4816 1460 4898 lemnes
1504 4845 1848 4930 namque
1877 4817 2164 4899 milites
2196 4816 2624 4901 destinavit
2645 4880 2664 4919 ,
2705 4821 2846 4930 qui
2874 4820 3345 4900 auctoritate
3372 4816 3591 4925 regia
3623 4815 3945 4896 Franci-
