<?xml version="1.0" encoding="UTF-8"?>
<!DOCTYPE html PUBLIC "-//W3C//DTD XHTML 1.0 Transitional//EN"
    "http://www.w3.org/TR/xhtml1/DTD/xhtml1-transitional.dtd">
<html xmlns="http://www.w3.org/1999/xhtml" xml:lang="en" lang="en">
 <head>
  <title>
</title>
<meta http-equiv="Content-Type" content="text/html;charset=utf-8" />
  <meta name='ocr-system' content='tesseract 3.04.00' />
  <meta name='ocr-capabilities' content='ocr_page ocr_carea ocr_par ocr_line ocrx_word'/>
</head>
<body>
  <div class='ocr_page' id='page_1' title='image "./chroniquedureli00frangoog_0288.png"; bbox 0 0 4666 6014; ppageno 0'>
   <div class='ocr_carea' id='block_1_1' title="bbox 1005 690 3326 774">
    <p class='ocr_par' dir='ltr' id='par_1_1' title="bbox 1005 690 3326 774">
     <span class='ocr_line' id='line_1_1' title="bbox 1005 690 3326 774; baseline -0.001 -3"><span class='ocrx_word' id='word_1_1' title='bbox 1005 701 1149 772; x_wconf 74' lang='lat'><strong>264</strong></span> <span class='ocrx_word' id='word_1_2' title='bbox 1486 690 2174 770; x_wconf 86' lang='lat' dir='ltr'>CHRONICORUM</span> <span class='ocrx_word' id='word_1_3' title='bbox 2223 694 2581 774; x_wconf 87' lang='lat' dir='ltr'><strong>KAROLI</strong></span> <span class='ocrx_word' id='word_1_4' title='bbox 2630 693 2916 768; x_wconf 89' lang='lat' dir='ltr'><strong>SEXTI</strong></span> <span class='ocrx_word' id='word_1_5' title='bbox 2967 697 3143 768; x_wconf 89' lang='lat' dir='ltr'>LIB.</span> <span class='ocrx_word' id='word_1_6' title='bbox 3200 695 3326 769; x_wconf 80' lang='lat' dir='ltr'><strong>IV.</strong></span> 
     </span>
    </p>
   </div>
   <div class='ocr_carea' id='block_1_2' title="bbox 937 835 3821 2857">
    <p class='ocr_par' dir='ltr' id='par_1_2' title="bbox 937 835 3821 2857">
     <span class='ocr_line' id='line_1_2' title="bbox 1117 835 3810 958; baseline 0.001 -30"><span class='ocrx_word' id='word_1_7' title='bbox 1117 848 1468 958; x_wconf 84' lang='lat' dir='ltr'>Singulis</span> <span class='ocrx_word' id='word_1_8' title='bbox 1497 846 1779 928; x_wconf 89' lang='lat' dir='ltr'><strong>diebus</strong></span> <span class='ocrx_word' id='word_1_9' title='bbox 1812 875 1954 927; x_wconf 85' lang='lat' dir='ltr'><strong>rex</strong></span> <span class='ocrx_word' id='word_1_10' title='bbox 1981 850 2234 956; x_wconf 90' lang='lat' dir='ltr'><strong>magis</strong></span> <span class='ocrx_word' id='word_1_11' title='bbox 2280 866 2364 928; x_wconf 94' lang='lat' dir='ltr'><strong>et</strong></span> <span class='ocrx_word' id='word_1_12' title='bbox 2404 848 2657 958; x_wconf 85' lang='lat' dir='ltr'><strong>magis</strong></span> <span class='ocrx_word' id='word_1_13' title='bbox 2698 844 2911 926; x_wconf 91' lang='lat' dir='ltr'><strong>bone</strong></span> <span class='ocrx_word' id='word_1_14' title='bbox 2944 848 3113 956; x_wconf 91' lang='lat' dir='ltr'><strong>spei</strong></span> <span class='ocrx_word' id='word_1_15' title='bbox 3148 865 3228 928; x_wconf 91' lang='lat' dir='ltr'><strong>et</strong></span> <span class='ocrx_word' id='word_1_16' title='bbox 3260 835 3810 955; x_wconf 81' lang='lat' dir='ltr'><strong>amplectende</strong></span> 
     </span>
     <span class='ocr_line' id='line_1_3' title="bbox 937 982 3815 1104; baseline 0.002 -40"><span class='ocrx_word' id='word_1_17' title='bbox 937 1083 942 1088; x_wconf 21' lang='grc' dir='ltr'><strong><em>ι</em></strong></span> <span class='ocrx_word' id='word_1_18' title='bbox 1002 983 1300 1066; x_wconf 92' lang='lat' dir='ltr'><strong>indolis</strong></span> <span class='ocrx_word' id='word_1_19' title='bbox 1350 984 1930 1080; x_wconf 83' lang='lat' dir='ltr'><strong>succrescebat,</strong></span> <span class='ocrx_word' id='word_1_20' title='bbox 1998 1003 2092 1104; x_wconf 17' lang='lat' dir='ltr'><strong>et(</strong></span> <span class='ocrx_word' id='word_1_21' title='bbox 2145 983 2478 1066; x_wconf 90' lang='lat' dir='ltr'><strong>credens</strong></span> <span class='ocrx_word' id='word_1_22' title='bbox 2528 985 3216 1096; x_wconf 86' lang='lat' dir='ltr'><strong>opportunitatem</strong></span> <span class='ocrx_word' id='word_1_23' title='bbox 3279 982 3586 1085; x_wconf 87' lang='lat' dir='ltr'><strong>adesse,</strong></span> <span class='ocrx_word' id='word_1_24' title='bbox 3650 1015 3815 1101; x_wconf 50' lang='lat' dir='ltr'><strong>qua*</strong></span> 
     </span>
     <span class='ocr_line' id='line_1_4' title="bbox 1001 1121 3821 1235; baseline 0.002 -33"><span class='ocrx_word' id='word_1_25' title='bbox 1001 1123 1214 1203; x_wconf 88' lang='lat' dir='ltr'><strong>Mars</strong></span> <span class='ocrx_word' id='word_1_26' title='bbox 1255 1124 1667 1203; x_wconf 91' lang='lat' dir='ltr'><strong>institutus</strong></span> <span class='ocrx_word' id='word_1_27' title='bbox 1720 1152 1971 1235; x_wconf 90' lang='lat' dir='ltr'><strong>equus</strong></span> <span class='ocrx_word' id='word_1_28' title='bbox 2016 1122 2264 1234; x_wconf 83' lang='lat' dir='ltr'><strong>judex</strong></span> <span class='ocrx_word' id='word_1_29' title='bbox 2311 1125 2434 1204; x_wconf 89' lang='lat' dir='ltr'><strong>sui</strong></span> <span class='ocrx_word' id='word_1_30' title='bbox 2479 1141 2560 1204; x_wconf 91' lang='lat' dir='ltr'><strong>et</strong></span> <span class='ocrx_word' id='word_1_31' title='bbox 2605 1121 3037 1204; x_wconf 87' lang='lat' dir='ltr'><strong>adversarii</strong></span> <span class='ocrx_word' id='word_1_32' title='bbox 3086 1123 3292 1230; x_wconf 86' lang='lat' dir='ltr'><strong>regis</strong></span> <span class='ocrx_word' id='word_1_33' title='bbox 3343 1121 3821 1207; x_wconf 75' lang='lat' dir='ltr'><strong>diuturnam</strong></span> 
     </span>
     <span class='ocr_line' id='line_1_5' title="bbox 1002 1259 3809 1361; baseline 0.001 -20"><span class='ocrx_word' id='word_1_34' title='bbox 1002 1259 1488 1342; x_wconf 88' lang='lat' dir='ltr'><strong>discordiam</strong></span> <span class='ocrx_word' id='word_1_35' title='bbox 1519 1262 2018 1361; x_wconf 83' lang='lat' dir='ltr'><strong>terminaret,</strong></span> <span class='ocrx_word' id='word_1_36' title='bbox 2067 1262 2324 1342; x_wconf 90' lang='lat' dir='ltr'><strong>sacius</strong></span> <span class='ocrx_word' id='word_1_37' title='bbox 2368 1260 2712 1342; x_wconf 86' lang='lat' dir='ltr'><strong>ducebat</strong></span> <span class='ocrx_word' id='word_1_38' title='bbox 2767 1262 2885 1340; x_wconf 90' lang='lat' dir='ltr'><strong>ire</strong></span> <span class='ocrx_word' id='word_1_39' title='bbox 2935 1260 3256 1340; x_wconf 89' lang='lat' dir='ltr'><strong>obviam</strong></span> <span class='ocrx_word' id='word_1_40' title='bbox 3307 1259 3676 1343; x_wconf 88' lang='lat' dir='ltr'><strong>hostibus</strong></span> <span class='ocrx_word' id='word_1_41' title='bbox 3727 1284 3809 1345; x_wconf 87' lang='lat' dir='ltr'><strong>et</strong></span> 
     </span>
     <span class='ocr_line' id='line_1_6' title="bbox 1003 1396 3808 1510; baseline 0.001 -32"><span class='ocrx_word' id='word_1_42' title='bbox 1003 1427 1182 1479; x_wconf 88' lang='lat' dir='ltr'><strong>cum</strong></span> <span class='ocrx_word' id='word_1_43' title='bbox 1211 1401 1326 1479; x_wconf 92' lang='lat' dir='ltr'><strong>eis</strong></span> <span class='ocrx_word' id='word_1_44' title='bbox 1354 1401 1602 1478; x_wconf 87' lang='lat' dir='ltr'><strong>eciam</strong></span> <span class='ocrx_word' id='word_1_45' title='bbox 1636 1396 1889 1477; x_wconf 92' lang='lat' dir='ltr'><strong>dubio</strong></span> <span class='ocrx_word' id='word_1_46' title='bbox 1923 1417 2207 1479; x_wconf 89' lang='lat' dir='ltr'><strong>eventu</strong></span> <span class='ocrx_word' id='word_1_47' title='bbox 2237 1399 2653 1479; x_wconf 76' lang='lat' dir='ltr'><strong>‘fortunam</strong></span> <span class='ocrx_word' id='word_1_48' title='bbox 2684 1397 2871 1478; x_wconf 92' lang='lat' dir='ltr'><strong>belli</strong></span> <span class='ocrx_word' id='word_1_49' title='bbox 2906 1415 3323 1509; x_wconf 85' lang='lat' dir='ltr'><strong>temptare,</strong></span> <span class='ocrx_word' id='word_1_50' title='bbox 3355 1427 3598 1510; x_wconf 88' lang='lat' dir='ltr'><strong>quam</strong></span> <span class='ocrx_word' id='word_1_51' title='bbox 3631 1428 3808 1508; x_wconf 88' lang='lat' dir='ltr'><strong>pre-</strong></span> 
     </span>
     <span class='ocr_line' id='line_1_7' title="bbox 1000 1535 3809 1651; baseline 0.001 -35"><span class='ocrx_word' id='word_1_52' title='bbox 1000 1536 1141 1616; x_wconf 87' lang='lat' dir='ltr'><strong>das</strong></span> <span class='ocrx_word' id='word_1_53' title='bbox 1168 1597 1187 1635; x_wconf 89' lang='lat'><strong>,</strong></span> <span class='ocrx_word' id='word_1_54' title='bbox 1224 1535 1636 1636; x_wconf 86' lang='lat' dir='ltr'><strong>incendia,</strong></span> <span class='ocrx_word' id='word_1_55' title='bbox 1676 1535 1973 1647; x_wconf 87' lang='lat' dir='ltr'><strong>diuque</strong></span> <span class='ocrx_word' id='word_1_56' title='bbox 2001 1555 2301 1647; x_wconf 86' lang='lat' dir='ltr'><strong>strages</strong></span> <span class='ocrx_word' id='word_1_57' title='bbox 2349 1566 2681 1618; x_wconf 91' lang='lat' dir='ltr'><strong>suorum</strong></span> <span class='ocrx_word' id='word_1_58' title='bbox 2727 1539 3142 1617; x_wconf 84' lang='lat' dir='ltr'><strong>sustinere.</strong></span> <span class='ocrx_word' id='word_1_59' title='bbox 3199 1537 3429 1618; x_wconf 88' lang='lat' dir='ltr'><strong>Ultra</strong></span> <span class='ocrx_word' id='word_1_60' title='bbox 3468 1538 3614 1619; x_wconf 91' lang='lat' dir='ltr'><strong>hec</strong></span> <span class='ocrx_word' id='word_1_61' title='bbox 3651 1568 3809 1651; x_wconf 80' lang='lat' dir='ltr'><strong>que</strong></span> 
     </span>
     <span class='ocr_line' id='line_1_8' title="bbox 1002 1673 3809 1784; baseline 0.001 -32"><span class='ocrx_word' id='word_1_62' title='bbox 1002 1676 1445 1783; x_wconf 86' lang='lat' dir='ltr'><strong>prescripta</strong></span> <span class='ocrx_word' id='word_1_63' title='bbox 1500 1691 1725 1772; x_wconf 90' lang='lat' dir='ltr'><strong>sunt,</strong></span> <span class='ocrx_word' id='word_1_64' title='bbox 1784 1704 1844 1753; x_wconf 47' lang='lat' dir='ltr'><strong>a*</strong></span> <span class='ocrx_word' id='word_1_65' title='bbox 1887 1673 2329 1784; x_wconf 86' lang='lat' dir='ltr'><strong>majoribus</strong></span> <span class='ocrx_word' id='word_1_66' title='bbox 2387 1677 2716 1755; x_wconf 88' lang='lat' dir='ltr'><strong>memini</strong></span> <span class='ocrx_word' id='word_1_67' title='bbox 2777 1693 2972 1756; x_wconf 88' lang='lat' dir='ltr'><strong>tunc</strong></span> <span class='ocrx_word' id='word_1_68' title='bbox 3017 1674 3316 1784; x_wconf 91' lang='lat' dir='ltr'><strong>pluries</strong></span> <span class='ocrx_word' id='word_1_69' title='bbox 3369 1675 3809 1756; x_wconf 88' lang='lat' dir='ltr'><strong>siscitatum</strong></span> 
     </span>
     <span class='ocr_line' id='line_1_9' title="bbox 1001 1810 3802 1924; baseline 0.001 -33"><span class='ocrx_word' id='word_1_70' title='bbox 1001 1810 1218 1892; x_wconf 93' lang='lat' dir='ltr'><strong>unde</strong></span> <span class='ocrx_word' id='word_1_71' title='bbox 1261 1815 1507 1893; x_wconf 88' lang='lat' dir='ltr'><strong>tantis</strong></span> <span class='ocrx_word' id='word_1_72' title='bbox 1547 1812 2003 1922; x_wconf 85' lang='lat' dir='ltr'><strong>agminibus</strong></span> <span class='ocrx_word' id='word_1_73' title='bbox 2037 1831 2118 1893; x_wconf 94' lang='lat' dir='ltr'><strong>et</strong></span> <span class='ocrx_word' id='word_1_74' title='bbox 2157 1814 2309 1894; x_wconf 92' lang='lat' dir='ltr'><strong>sub</strong></span> <span class='ocrx_word' id='word_1_75' title='bbox 2352 1816 2661 1894; x_wconf 89' lang='lat' dir='ltr'><strong>incerto</strong></span> <span class='ocrx_word' id='word_1_76' title='bbox 2710 1832 3075 1924; x_wconf 90' lang='lat' dir='ltr'><strong>tempore</strong></span> <span class='ocrx_word' id='word_1_77' title='bbox 3117 1810 3591 1894; x_wconf 88' lang='lat' dir='ltr'><strong>reducendis</strong></span> <span class='ocrx_word' id='word_1_78' title='bbox 3630 1814 3802 1895; x_wconf 86' lang='lat' dir='ltr'><strong>fru-</strong></span> 
     </span>
     <span class='ocr_line' id='line_1_10' title="bbox 968 1948 3805 2060; baseline 0 -31"><span class='ocrx_word' id='word_1_79' title='bbox 968 1968 1268 2056; x_wconf 42' lang='lat' dir='ltr'><strong>nmenta</strong></span> <span class='ocrx_word' id='word_1_80' title='bbox 1306 1949 1794 2030; x_wconf 81' lang='lat' dir='ltr'><strong>sufficienter</strong></span> <span class='ocrx_word' id='word_1_81' title='bbox 1829 1951 2374 2060; x_wconf 87' lang='lat' dir='ltr'><strong>provenirent.</strong></span> <span class='ocrx_word' id='word_1_82' title='bbox 2414 1948 2658 2053; x_wconf 86' lang='lat' dir='ltr'><strong>Quod</strong></span> <span class='ocrx_word' id='word_1_83' title='bbox 2701 1967 2991 2058; x_wconf 87' lang='lat' dir='ltr'><strong>rogatu</strong></span> <span class='ocrx_word' id='word_1_84' title='bbox 3032 1952 3240 2058; x_wconf 88' lang='lat' dir='ltr'><strong>regis</strong></span> <span class='ocrx_word' id='word_1_85' title='bbox 3280 1951 3563 2029; x_wconf 88' lang='lat' dir='ltr'><strong>unicus</strong></span> <span class='ocrx_word' id='word_1_86' title='bbox 3613 1951 3805 2030; x_wconf 83' lang='lat' dir='ltr'><strong>civis</strong></span> 
     </span>
     <span class='ocr_line' id='line_1_11' title="bbox 1001 2086 3807 2201; baseline 0.001 -35"><span class='ocrx_word' id='word_1_87' title='bbox 1001 2090 1505 2188; x_wconf 76' lang='lat' dir='ltr'><strong>Parisiensi5‚</strong></span> <span class='ocrx_word' id='word_1_88' title='bbox 1540 2091 2004 2198; x_wconf 84' lang='lat' dir='ltr'><strong>negociator</strong></span> <span class='ocrx_word' id='word_1_89' title='bbox 2040 2089 2449 2201; x_wconf 77' lang='lat' dir='ltr'><strong>publicuS,</strong></span> <span class='ocrx_word' id='word_1_90' title='bbox 2483 2087 2929 2169; x_wconf 80' lang='lat' dir='ltr'><strong>Nicholaus&#39;</strong></span> <span class='ocrx_word' id='word_1_91' title='bbox 2952 2086 3361 2167; x_wconf 89' lang='lat' dir='ltr'><strong>Boullardi</strong></span> <span class='ocrx_word' id='word_1_92' title='bbox 3402 2117 3807 2200; x_wconf 90' lang='lat' dir='ltr'><strong>nuncupa-</strong></span> 
     </span>
     <span class='ocr_line' id='line_1_12' title="bbox 1002 2223 3808 2338; baseline 0 -34"><span class='ocrx_word' id='word_1_93' title='bbox 1002 2244 1168 2324; x_wconf 86' lang='lat' dir='ltr'><strong>tus,</strong></span> <span class='ocrx_word' id='word_1_94' title='bbox 1218 2228 1381 2306; x_wconf 92' lang='lat' dir='ltr'><strong>suis</strong></span> <span class='ocrx_word' id='word_1_95' title='bbox 1440 2225 1892 2336; x_wconf 88' lang='lat' dir='ltr'><strong>sumptibus</strong></span> <span class='ocrx_word' id='word_1_96' title='bbox 1952 2223 2513 2338; x_wconf 84' lang='lat' dir='ltr'><strong>exequendum</strong></span> <span class='ocrx_word' id='word_1_97' title='bbox 2565 2226 3008 2335; x_wconf 86' lang='lat' dir='ltr'><strong>suscipiens</strong></span> <span class='ocrx_word' id='word_1_98' title='bbox 3030 2287 3048 2324; x_wconf 90' lang='lat'><strong>,</strong></span> <span class='ocrx_word' id='word_1_99' title='bbox 3108 2227 3465 2305; x_wconf 90' lang='lat' dir='ltr'><strong>terrestri</strong></span> <span class='ocrx_word' id='word_1_100' title='bbox 3520 2227 3808 2307; x_wconf 90' lang='lat' dir='ltr'><strong>itinere</strong></span> 
     </span>
     <span class='ocr_line' id='line_1_13' title="bbox 1002 2360 3808 2475; baseline -0.001 -31"><span class='ocrx_word' id='word_1_101' title='bbox 1002 2364 1418 2475; x_wconf 87' lang='lat' dir='ltr'><strong>navalique</strong></span> <span class='ocrx_word' id='word_1_102' title='bbox 1474 2362 1836 2448; x_wconf 89' lang='lat' dir='ltr'><strong>subsidio</strong></span> <span class='ocrx_word' id='word_1_103' title='bbox 1891 2381 2129 2475; x_wconf 87' lang='lat' dir='ltr'><strong>atque</strong></span> <span class='ocrx_word' id='word_1_104' title='bbox 2169 2381 2597 2443; x_wconf 87' lang='lat' dir='ltr'><strong>nautarum</strong></span> <span class='ocrx_word' id='word_1_105' title='bbox 2641 2360 2913 2443; x_wconf 89' lang='lat' dir='ltr'><strong>studio</strong></span> <span class='ocrx_word' id='word_1_106' title='bbox 2953 2381 3259 2443; x_wconf 85' lang='lat' dir='ltr'><strong>tantam</strong></span> <span class='ocrx_word' id='word_1_107' title='bbox 3297 2363 3614 2472; x_wconf 86' lang='lat' dir='ltr'><strong>copiam</strong></span> <span class='ocrx_word' id='word_1_108' title='bbox 3670 2361 3808 2443; x_wconf 60' lang='lat' dir='ltr'><strong>ad2-</strong></span> 
     </span>
     <span class='ocr_line' id='line_1_14' title="bbox 1004 2479 3805 2613; baseline 0 -33"><span class='ocrx_word' id='word_1_109' title='bbox 1004 2500 1239 2583; x_wconf 84' lang='lat' dir='ltr'><strong>duxit</strong></span> <span class='ocrx_word' id='word_1_110' title='bbox 1270 2504 1327 2598; x_wconf 83' lang='lat'><strong>¹,</strong></span> <span class='ocrx_word' id='word_1_111' title='bbox 1363 2499 1584 2613; x_wconf 88' lang='lat' dir='ltr'><strong>quod</strong></span> <span class='ocrx_word' id='word_1_112' title='bbox 1643 2519 1993 2613; x_wconf 88' lang='lat' dir='ltr'><strong>quatuor</strong></span> <span class='ocrx_word' id='word_1_113' title='bbox 2044 2503 2438 2581; x_wconf 87' lang='lat' dir='ltr'><strong>mensium</strong></span> <span class='ocrx_word' id='word_1_114' title='bbox 2499 2501 2770 2609; x_wconf 86' lang='lat' dir='ltr'><strong>spacio</strong></span> <span class='ocrx_word' id='word_1_115' title='bbox 2821 2518 3140 2581; x_wconf 88' lang='lat' dir='ltr'><strong>centum</strong></span> <span class='ocrx_word' id='word_1_116' title='bbox 3194 2479 3531 2580; x_wconf 26' lang='lat' dir='ltr'><strong>milibus*</strong></span> <span class='ocrx_word' id='word_1_117' title='bbox 3577 2517 3659 2579; x_wconf 94' lang='lat' dir='ltr'><strong>et</strong></span> <span class='ocrx_word' id='word_1_118' title='bbox 3709 2515 3805 2581; x_wconf 79' lang='lat' dir='ltr'><strong>e&#39;o</strong></span> 
     </span>
     <span class='ocr_line' id='line_1_15' title="bbox 989 2636 3807 2755; baseline -0 -37"><span class='ocrx_word' id='word_1_119' title='bbox 989 2638 1343 2746; x_wconf 77' lang='lat' dir='ltr'><strong>&#39;amplius</strong></span> <span class='ocrx_word' id='word_1_120' title='bbox 1386 2640 1577 2755; x_wconf 77' lang='lat' dir='ltr'><strong>viris</strong></span> <span class='ocrx_word' id='word_1_121' title='bbox 1621 2667 1773 2754; x_wconf 90' lang='lat' dir='ltr'><strong>pro</strong></span> <span class='ocrx_word' id='word_1_122' title='bbox 1819 2641 2034 2718; x_wconf 87' lang='lat' dir='ltr'><strong>victu</strong></span> <span class='ocrx_word' id='word_1_123' title='bbox 2094 2641 2756 2719; x_wconf 88' lang='lat' dir='ltr'><strong>commerciorum</strong></span> <span class='ocrx_word' id='word_1_124' title='bbox 2802 2666 2970 2718; x_wconf 87' lang='lat' dir='ltr'><strong>non</strong></span> <span class='ocrx_word' id='word_1_125' title='bbox 3025 2636 3370 2718; x_wconf 85' lang='lat' dir='ltr'><strong>defuerit</strong></span> <span class='ocrx_word' id='word_1_126' title='bbox 3424 2637 3547 2717; x_wconf 85' lang='lat' dir='ltr'><strong>lex</strong></span> <span class='ocrx_word' id='word_1_127' title='bbox 3595 2666 3807 2717; x_wconf 92' lang='lat' dir='ltr'><strong>com-</strong></span> 
     </span>
     <span class='ocr_line' id='line_1_16' title="bbox 1001 2806 1292 2857; baseline 0 -2"><span class='ocrx_word' id='word_1_128' title='bbox 1001 2806 1292 2857; x_wconf 73' lang='lat' dir='ltr'><strong>munm.</strong></span> 
     </span>
    </p>
   </div>
   <div class='ocr_carea' id='block_1_3' title="bbox 1968 2949 2826 3033">
    <p class='ocr_par' dir='ltr' id='par_1_3' title="bbox 1968 2949 2826 3033">
     <span class='ocr_line' id='line_1_17' title="bbox 1968 2949 2826 3033; baseline -0.002 -2"><span class='ocrx_word' id='word_1_129' title='bbox 1968 2949 2638 3033; x_wconf 83' lang='lat' dir='ltr'><strong>CAPITULUM</strong></span> <span class='ocrx_word' id='word_1_130' title='bbox 2706 2951 2826 3030; x_wconf 91' lang='lat'><strong>11.</strong></span> 
     </span>
    </p>
   </div>
   <div class='ocr_carea' id='block_1_4' title="bbox 1005 3184 3802 3355">
    <p class='ocr_par' dir='ltr' id='par_1_4' title="bbox 1005 3184 3802 3355">
     <span class='ocr_line' id='line_1_18' title="bbox 1005 3184 3802 3269; baseline 0.003 -25"><span class='ocrx_word' id='word_1_131' title='bbox 1005 3184 1178 3260; x_wconf 87' lang='lat' dir='ltr'><strong>Quod</strong></span> <span class='ocrx_word' id='word_1_132' title='bbox 1217 3186 1414 3246; x_wconf 87' lang='lat' dir='ltr'><strong>nuncii</strong></span> <span class='ocrx_word' id='word_1_133' title='bbox 1446 3185 1888 3247; x_wconf 85' lang='lat' dir='ltr'><strong>Flandrensium</strong></span> <span class='ocrx_word' id='word_1_134' title='bbox 1919 3188 2194 3269; x_wconf 83' lang='lat' dir='ltr'><strong>petebant</strong></span> <span class='ocrx_word' id='word_1_135' title='bbox 2220 3209 2323 3249; x_wconf 86' lang='lat' dir='ltr'><strong>rex</strong></span> <span class='ocrx_word' id='word_1_136' title='bbox 2358 3209 2477 3247; x_wconf 91' lang='lat' dir='ltr'><strong>non</strong></span> <span class='ocrx_word' id='word_1_137' title='bbox 2516 3188 2830 3264; x_wconf 83' lang='lat' dir='ltr'><strong>concessit,</strong></span> <span class='ocrx_word' id='word_1_138' title='bbox 2875 3187 2978 3249; x_wconf 88' lang='lat' dir='ltr'><strong>sed</strong></span> <span class='ocrx_word' id='word_1_139' title='bbox 3006 3188 3339 3249; x_wconf 83' lang='lat' dir='ltr'><strong>Flandriam</strong></span> <span class='ocrx_word' id='word_1_140' title='bbox 3371 3211 3505 3251; x_wconf 87' lang='lat' dir='ltr'><strong>cum</strong></span> <span class='ocrx_word' id='word_1_141' title='bbox 3547 3192 3802 3253; x_wconf 76' lang='lat' dir='ltr'><strong>exercitu</strong></span> 
     </span>
     <span class='ocr_line' id='line_1_19' title="bbox 2271 3296 2530 3355; baseline -0.004 -2"><span class='ocrx_word' id='word_1_142' title='bbox 2271 3296 2530 3355; x_wconf 83' lang='lat' dir='ltr'><strong>intravit.</strong></span> 
     </span>
    </p>
   </div>
   <div class='ocr_carea' id='block_1_5' title="bbox 1004 3496 3841 4709">
    <p class='ocr_par' dir='ltr' id='par_1_5' title="bbox 1004 3496 3841 4709">
     <span class='ocr_line' id='line_1_20' title="bbox 1119 3496 3805 3609; baseline 0.002 -33"><span class='ocrx_word' id='word_1_143' title='bbox 1119 3496 1505 3578; x_wconf 84' lang='lat' dir='ltr'><strong>Nundum</strong></span> <span class='ocrx_word' id='word_1_144' title='bbox 1560 3502 1589 3543; x_wconf 78' lang='lat'>²</span> <span class='ocrx_word' id='word_1_145' title='bbox 1658 3502 1872 3608; x_wconf 84' lang='lat' dir='ltr'><strong>regie</strong></span> <span class='ocrx_word' id='word_1_146' title='bbox 1927 3501 2281 3609; x_wconf 88' lang='lat' dir='ltr'><strong>legiones</strong></span> <span class='ocrx_word' id='word_1_147' title='bbox 2336 3499 2438 3581; x_wconf 90' lang='lat' dir='ltr'><strong>ad</strong></span> <span class='ocrx_word' id='word_1_148' title='bbox 2498 3503 2650 3581; x_wconf 89' lang='lat' dir='ltr'><strong>iter</strong></span> <span class='ocrx_word' id='word_1_149' title='bbox 2710 3529 2794 3581; x_wconf 88' lang='lat' dir='ltr'><strong>se</strong></span> <span class='ocrx_word' id='word_1_150' title='bbox 2858 3504 3409 3601; x_wconf 82' lang='lat' dir='ltr'><strong>accinxerant,</strong></span> <span class='ocrx_word' id='word_1_151' title='bbox 3468 3531 3652 3582; x_wconf 92' lang='lat' dir='ltr'><strong>cum</strong></span> <span class='ocrx_word' id='word_1_152' title='bbox 3705 3530 3805 3581; x_wconf 75' lang='lat' dir='ltr'><strong>ex</strong></span> 
     </span>
     <span class='ocr_line' id='line_1_21' title="bbox 1007 3633 3805 3751; baseline 0.002 -37"><span class='ocrx_word' id='word_1_153' title='bbox 1007 3638 1414 3745; x_wconf 89' lang='lat' dir='ltr'><strong>insperato</strong></span> <span class='ocrx_word' id='word_1_154' title='bbox 1448 3633 2015 3718; x_wconf 86' lang='lat' dir='ltr'><strong>Gandavenses</strong></span> <span class='ocrx_word' id='word_1_155' title='bbox 2035 3701 2053 3737; x_wconf 89' lang='lat'><strong>,</strong></span> <span class='ocrx_word' id='word_1_156' title='bbox 2105 3641 2247 3751; x_wconf 81' lang='lat' dir='ltr'><strong>qui</strong></span> <span class='ocrx_word' id='word_1_157' title='bbox 2267 3702 2286 3737; x_wconf 87' lang='lat'>‚</span> <span class='ocrx_word' id='word_1_158' title='bbox 2338 3640 2406 3718; x_wconf 91' lang='lat' dir='ltr'><strong>si</strong></span> <span class='ocrx_word' id='word_1_159' title='bbox 2451 3639 2660 3718; x_wconf 80' lang='lat' dir='ltr'><strong>fame</strong></span> <span class='ocrx_word' id='word_1_160' title='bbox 2705 3637 3094 3738; x_wconf 75' lang='lat' dir='ltr'><strong>creditur,</strong></span> <span class='ocrx_word' id='word_1_161' title='bbox 3139 3657 3473 3750; x_wconf 90' lang='lat' dir='ltr'><strong>propter</strong></span> <span class='ocrx_word' id='word_1_162' title='bbox 3516 3637 3805 3719; x_wconf 87' lang='lat' dir='ltr'><strong>adven-</strong></span> 
     </span>
     <span class='ocr_line' id='line_1_22' title="bbox 1005 3767 3803 3886; baseline 0.003 -37"><span class='ocrx_word' id='word_1_163' title='bbox 1005 3791 1177 3851; x_wconf 89' lang='lat' dir='ltr'><strong>tum</strong></span> <span class='ocrx_word' id='word_1_164' title='bbox 1236 3773 1591 3854; x_wconf 90' lang='lat' dir='ltr'><strong>hostium</strong></span> <span class='ocrx_word' id='word_1_165' title='bbox 1658 3774 2123 3856; x_wconf 87' lang='lat' dir='ltr'><strong>mutabilem</strong></span> <span class='ocrx_word' id='word_1_166' title='bbox 2180 3776 2567 3886; x_wconf 88' lang='lat' dir='ltr'><strong>gerebant</strong></span> <span class='ocrx_word' id='word_1_167' title='bbox 2622 3774 2898 3875; x_wconf 90' lang='lat' dir='ltr'><strong>fidem,</strong></span> <span class='ocrx_word' id='word_1_168' title='bbox 2963 3774 3250 3886; x_wconf 86' lang='lat' dir='ltr'><strong>magne</strong></span> <span class='ocrx_word' id='word_1_169' title='bbox 3308 3767 3803 3856; x_wconf 86' lang='lat' dir='ltr'><strong>auctoritatis</strong></span> 
     </span>
     <span class='ocr_line' id='line_1_23' title="bbox 1005 3885 3807 4023; baseline 0.002 -34"><span class='ocrx_word' id='word_1_170' title='bbox 1005 3913 1345 3990; x_wconf 91' lang='lat' dir='ltr'><strong>nuncios</strong></span> <span class='ocrx_word' id='word_1_171' title='bbox 1391 3912 1782 3992; x_wconf 88' lang='lat' dir='ltr'><strong>miserunt</strong></span> <span class='ocrx_word' id='word_1_172' title='bbox 1813 3911 1916 3992; x_wconf 90' lang='lat' dir='ltr'><strong>ad</strong></span> <span class='ocrx_word' id='word_1_173' title='bbox 1954 3942 2222 4023; x_wconf 87' lang='lat' dir='ltr'><strong>regem</strong></span> <span class='ocrx_word' id='word_1_174' title='bbox 2255 3912 2629 3994; x_wconf 87' lang='lat' dir='ltr'><strong>Parisius.</strong></span> <span class='ocrx_word' id='word_1_175' title='bbox 2667 3913 2984 4016; x_wconf 86' lang='lat' dir='ltr'><strong>Quibus</strong></span> <span class='ocrx_word' id='word_1_176' title='bbox 3019 3885 3410 4022; x_wconf 83' lang='lat' dir='ltr'><strong>potestate</strong></span> <span class='ocrx_word' id='word_1_177' title='bbox 3446 3913 3653 3993; x_wconf 82' lang='lat' dir='ltr'><strong>facta</strong></span> <span class='ocrx_word' id='word_1_178' title='bbox 3687 3912 3807 3994; x_wconf 92' lang='lat' dir='ltr'><strong>di-</strong></span> 
     </span>
     <span class='ocr_line' id='line_1_24' title="bbox 1008 4044 3805 4161; baseline 0.002 -34"><span class='ocrx_word' id='word_1_179' title='bbox 1008 4044 1241 4127; x_wconf 90' lang='lat' dir='ltr'><strong>cendi</strong></span> <span class='ocrx_word' id='word_1_180' title='bbox 1300 4077 1456 4160; x_wconf 87' lang='lat' dir='ltr'><strong>que</strong></span> <span class='ocrx_word' id='word_1_181' title='bbox 1511 4049 1837 4150; x_wconf 91' lang='lat' dir='ltr'><strong>vellent,</strong></span> <span class='ocrx_word' id='word_1_182' title='bbox 1889 4069 2077 4161; x_wconf 91' lang='lat' dir='ltr'><strong>post</strong></span> <span class='ocrx_word' id='word_1_183' title='bbox 2134 4049 2496 4131; x_wconf 90' lang='lat' dir='ltr'><strong>debitum</strong></span> <span class='ocrx_word' id='word_1_184' title='bbox 2529 4051 3039 4132; x_wconf 87' lang='lat' dir='ltr'><strong>salutacionis</strong></span> <span class='ocrx_word' id='word_1_185' title='bbox 3086 4050 3453 4149; x_wconf 83' lang='lat' dir='ltr'><strong>affatum,</strong></span> <span class='ocrx_word' id='word_1_186' title='bbox 3495 4049 3805 4132; x_wconf 86' lang='lat' dir='ltr'><strong>vallidis</strong></span> 
     </span>
     <span class='ocr_line' id='line_1_25' title="bbox 1005 4183 3808 4299; baseline 0.001 -34"><span class='ocrx_word' id='word_1_187' title='bbox 1005 4183 1145 4266; x_wconf 89' lang='lat' dir='ltr'><strong>sed</strong></span> <span class='ocrx_word' id='word_1_188' title='bbox 1176 4184 1381 4266; x_wconf 91' lang='lat' dir='ltr'><strong>fictis</strong></span> <span class='ocrx_word' id='word_1_189' title='bbox 1410 4188 1784 4296; x_wconf 88' lang='lat' dir='ltr'><strong>precibus</strong></span> <span class='ocrx_word' id='word_1_190' title='bbox 1819 4207 2305 4297; x_wconf 87' lang='lat' dir='ltr'><strong>rogaverunt</strong></span> <span class='ocrx_word' id='word_1_191' title='bbox 2336 4205 2429 4269; x_wconf 89' lang='lat' dir='ltr'><strong>ut</strong></span> <span class='ocrx_word' id='word_1_192' title='bbox 2464 4217 2606 4268; x_wconf 82' lang='lat' dir='ltr'><strong>rex</strong></span> <span class='ocrx_word' id='word_1_193' title='bbox 2639 4204 2922 4298; x_wconf 88' lang='lat' dir='ltr'><strong>pacato</strong></span> <span class='ocrx_word' id='word_1_194' title='bbox 2955 4190 3227 4268; x_wconf 87' lang='lat' dir='ltr'><strong>animo</strong></span> <span class='ocrx_word' id='word_1_195' title='bbox 3274 4187 3624 4269; x_wconf 84' lang='lat' dir='ltr'><strong>offensas</strong></span> <span class='ocrx_word' id='word_1_196' title='bbox 3663 4218 3808 4299; x_wconf 90' lang='lat' dir='ltr'><strong>pu-</strong></span> 
     </span>
     <span class='ocr_line' id='line_1_26' title="bbox 1004 4322 3805 4437; baseline 0.001 -36"><span class='ocrx_word' id='word_1_197' title='bbox 1004 4322 1286 4419; x_wconf 82' lang='lat' dir='ltr'><strong>blicaS,</strong></span> <span class='ocrx_word' id='word_1_198' title='bbox 1319 4350 1534 4403; x_wconf 88' lang='lat' dir='ltr'><strong>anno</strong></span> <span class='ocrx_word' id='word_1_199' title='bbox 1565 4341 1972 4405; x_wconf 86' lang='lat' dir='ltr'><strong>transacto</strong></span> <span class='ocrx_word' id='word_1_200' title='bbox 2002 4325 2255 4406; x_wconf 87' lang='lat' dir='ltr'><strong>illatas</strong></span> <span class='ocrx_word' id='word_1_201' title='bbox 2296 4344 2714 4437; x_wconf 85' lang='lat' dir='ltr'><strong>morteque</strong></span> <span class='ocrx_word' id='word_1_202' title='bbox 2755 4326 3404 4433; x_wconf 87' lang='lat' dir='ltr'><strong>conspiratorum</strong></span> <span class='ocrx_word' id='word_1_203' title='bbox 3433 4325 3805 4406; x_wconf 82' lang='lat' dir='ltr'><strong>factionis</strong></span> 
     </span>
     <span class='ocr_line' id='line_1_27' title="bbox 1007 4460 3799 4574; baseline -0.001 -35"><span class='ocrx_word' id='word_1_204' title='bbox 1007 4463 1281 4573; x_wconf 89' lang='lat' dir='ltr'><strong>inique</strong></span> <span class='ocrx_word' id='word_1_205' title='bbox 1321 4464 1677 4572; x_wconf 86' lang='lat' dir='ltr'><strong>expiatas</strong></span> <span class='ocrx_word' id='word_1_206' title='bbox 1698 4525 1716 4560; x_wconf 85' lang='lat'><strong>,</strong></span> <span class='ocrx_word' id='word_1_207' title='bbox 1758 4461 2243 4544; x_wconf 80' lang='lat' dir='ltr'><strong>&#39;remittendo</strong></span> <span class='ocrx_word' id='word_1_208' title='bbox 2283 4463 2629 4574; x_wconf 88' lang='lat' dir='ltr'><strong>patriam</strong></span> <span class='ocrx_word' id='word_1_209' title='bbox 2672 4460 3403 4542; x_wconf 89' lang='lat' dir='ltr'><strong>recommendatam</strong></span> <span class='ocrx_word' id='word_1_210' title='bbox 3448 4460 3799 4542; x_wconf 89' lang='lat' dir='ltr'><strong>haberet.</strong></span> 
     </span>
     <span class='ocr_line' id='line_1_28' title="bbox 1004 4597 3841 4709; baseline -0.001 -32"><span class='ocrx_word' id='word_1_211' title='bbox 1004 4598 1077 4676; x_wconf 92' lang='lat' dir='ltr'>N</span> <span class='ocrx_word' id='word_1_212' title='bbox 1081 4597 1389 4679; x_wconf 83' lang='lat' dir='ltr'><strong>&#39;undum</strong></span> <span class='ocrx_word' id='word_1_213' title='bbox 1437 4618 1702 4679; x_wconf 88' lang='lat' dir='ltr'><strong>tamen</strong></span> <span class='ocrx_word' id='word_1_214' title='bbox 1751 4597 2012 4683; x_wconf 89' lang='lat' dir='ltr'><strong>adhuc</strong></span> <span class='ocrx_word' id='word_1_215' title='bbox 2066 4601 2534 4709; x_wconf 89' lang='lat' dir='ltr'><strong>arrogancie</strong></span> <span class='ocrx_word' id='word_1_216' title='bbox 2580 4599 2891 4679; x_wconf 88' lang='lat' dir='ltr'><strong>sarcina</strong></span> <span class='ocrx_word' id='word_1_217' title='bbox 2939 4597 3298 4709; x_wconf 88' lang='lat' dir='ltr'><strong>deposita</strong></span> <span class='ocrx_word' id='word_1_218' title='bbox 3323 4661 3342 4696; x_wconf 89' lang='lat'><strong>,</strong></span> <span class='ocrx_word' id='word_1_219' title='bbox 3376 4614 3639 4677; x_wconf 90' lang='lat' dir='ltr'><strong>erecto</strong></span> <span class='ocrx_word' id='word_1_220' title='bbox 3680 4625 3841 4707; x_wconf 13' lang='lat' dir='ltr'><strong>su·-</strong></span> 
     </span>
    </p>
   </div>
   <div class='ocr_carea' id='block_1_6' title="bbox 1083 4848 3656 4956">
    <p class='ocr_par' dir='ltr' id='par_1_6' title="bbox 1083 4848 3656 4956">
     <span class='ocr_line' id='line_1_29' title="bbox 1083 4848 3656 4956; baseline -0.001 -24"><span class='ocrx_word' id='word_1_221' title='bbox 1083 4890 1096 4911; x_wconf 82' lang='lat'><em>¹</em></span> <span class='ocrx_word' id='word_1_222' title='bbox 1131 4878 1272 4933; x_wconf 85' lang='lat' dir='ltr'><strong>Var.</strong></span> <span class='ocrx_word' id='word_1_223' title='bbox 1300 4900 1314 4927; x_wconf 70' lang='grc' dir='ltr'><em>ι</em></span> <span class='ocrx_word' id='word_1_224' title='bbox 1347 4889 1407 4934; x_wconf 83' lang='lat' dir='ltr'><strong>n⁰</strong></span> <span class='ocrx_word' id='word_1_225' title='bbox 1433 4877 1604 4956; x_wconf 85' lang='lat'><strong>5960,</strong></span> <span class='ocrx_word' id='word_1_226' title='bbox 1635 4880 1732 4938; x_wconf 82' lang='lat' dir='ltr'><strong>sol.</strong></span> <span class='ocrx_word' id='word_1_227' title='bbox 1760 4879 1832 4939; x_wconf 80' lang='lat'><strong>53</strong></span> <span class='ocrx_word' id='word_1_228' title='bbox 1859 4903 1934 4951; x_wconf 66' lang='lat' dir='ltr'><strong>v„</strong></span> <span class='ocrx_word' id='word_1_229' title='bbox 1975 4848 2243 4938; x_wconf 51' lang='lat' dir='ltr'><strong>advebcit:</strong></span> <span class='ocrx_word' id='word_1_230' title='bbox 2512 4887 2530 4909; x_wconf 83' lang='lat'>²</span> <span class='ocrx_word' id='word_1_231' title='bbox 2578 4881 2718 4935; x_wconf 82' lang='lat' dir='ltr'><strong>Var.</strong></span> <span class='ocrx_word' id='word_1_232' title='bbox 2747 4904 2763 4933; x_wconf 85' lang='lat'><strong>.-</strong></span> <span class='ocrx_word' id='word_1_233' title='bbox 2792 4895 2853 4936; x_wconf 83' lang='lat' dir='ltr'><strong>n⁰</strong></span> <span class='ocrx_word' id='word_1_234' title='bbox 2879 4878 3049 4954; x_wconf 82' lang='lat'><strong>5960,</strong></span> <span class='ocrx_word' id='word_1_235' title='bbox 3082 4878 3180 4935; x_wconf 83' lang='lat' dir='ltr'><strong>fol.</strong></span> <span class='ocrx_word' id='word_1_236' title='bbox 3208 4876 3281 4944; x_wconf 72' lang='lat'><strong>54</strong></span> <span class='ocrx_word' id='word_1_237' title='bbox 3306 4896 3375 4946; x_wconf 87' lang='lat' dir='ltr'><strong>r.,</strong></span> <span class='ocrx_word' id='word_1_238' title='bbox 3409 4874 3656 4932; x_wconf 41' lang='lat' dir='ltr'><strong>Dudum,</strong></span> 
     </span>
    </p>
   </div>
  </div>
 </body>
</html>
