4666 6014
1028 697 1170 771 320
1518 690 2202 767 CHRONICORUM
2252 692 2610 767 KAROLI
2660 692 2944 767 SEXTI
2994 695 3171 769 LlB.
3226 693 3320 769 V.

1035 865 1115 927 et
1167 842 1568 954 lapidibus
1623 861 2031 942 ornatam,
2077 844 2233 924 sibi
2267 843 2577 925 viderat
2610 846 3088 954 presentari3
3132 845 3358 955 cujus
3395 841 3821 953 splendore

1025 1010 1275 1094 usque
1316 983 1402 1060 in
1453 978 1949 1060 occidentem
1991 977 2348 1088 dirigens
2394 973 2625 1061 suum
2673 998 3118 1091 aspectum,
3162 979 3543 1061 tredecim
3587 1010 3822 1062 cruce

1027 1099 1383 1228 signatos
1414 1115 1777 1216 videbat,
1825 1115 1966 1229 qui
2024 1119 2179 1199 sibi
2226 1117 2672 1198 honorifice
2735 1118 3284 1225 assurgebant.
3347 1118 3820 1232 Rejectaque

1028 1255 1129 1337 ad
1161 1257 1656 1366 conjectores
1692 1257 1998 1337 visione
2027 1256 2160 1336 illa
2180 1319 2199 1355 ,
2240 1275 2335 1336 ut
2364 1258 2642 1338 forsan
2672 1287 3018 1370 quorum
3048 1252 3395 1337 vaffrum
3423 1256 3820 1370 fallaxque

1028 1414 1147 1475 est
1215 1394 1644 1475 artificium
1680 1457 1699 1493 ,
1769 1396 2155 1474 estimatis
2240 1394 2585 1475 forsitan
2664 1397 2818 1474 viri
2894 1394 3291 1474 moribus.
3328 1423 3419 1474 ac
3481 1412 3766 1475 natura
3797 1457 3815 1493 ,

1031 1551 1560 1613 consentanea
1635 1534 2308 1641 interpretacione
2390 1561 2536 1640 per
2615 1532 2771 1611 hoc
2851 1549 3342 1611 nocturnum
3426 1531 3821 1611 fantasma

1030 1671 1658 1749 christianorum
1700 1670 2125 1777 imperium
2159 1660 2601 1778 significari
2656 1667 3028 1750 dixerant
3061 1670 3164 1749 ab
3207 1669 3382 1777 ipso
3421 1670 3823 1749 subicien-

1027 1805 1260 1901 dum,
1314 1807 1776 1915 ignorantes
1832 1805 2052 1918 quod
2117 1809 2256 1918 qui
2318 1793 2878 1914 sompniorum
2938 1795 3298 1918 sequitur
3350 1809 3822 1907 vanitatem,

1030 1927 1686 2023 efcredulitatem
1713 1973 1937 2023 suam
1969 1943 2702 2053 significacionibus
2733 1943 3059 2052 alliguat
3092 1942 3580 2042 eorumdem,
3602 1964 3823 2024 atra-

1030 2084 1222 2161 mite
1239 2083 1584 2161 racionis
1611 2082 2101 2161 exhorbitat.
2127 2082 2333 2160 Nam
2369 2083 2750 2193 quociens
2779 2083 3196 2160 materiam
3220 2083 3441 2160 viciis
3473 2081 3826 2164 afferunt

1031 2235 1167 2297 aut
1220 2216 1693 2300 dominandi
1755 2222 2135 2326 ingerunt
2199 2221 2683 2327 appetitum,
2746 2214 2849 2296 ad
2911 2218 3513 2298 subversionem
3562 2223 3825 2299 anime

1032 2355 1308 2463 procul
1336 2352 1587 2435 dubio
1615 2374 1751 2436 aut
1784 2383 1969 2434 caro
2002 2373 2140 2434 aut
2169 2356 2502 2464 spiritus
2531 2354 2927 2463 malignus
2957 2356 3354 2455 immittit,
3397 2373 3479 2435 et
3517 2357 3601 2435 in
3631 2385 3824 2436 con-

1027 2493 1359 2601 jectoria
1401 2509 1570 2571 arte
1620 2491 1916 2571 frustra
1958 2488 2330 2590 confidit,
2387 2519 2629 2603 quam
2669 2493 2819 2571 Dei
2861 2493 3402 2602 spiritushnon
3458 2485 3819 2574 illustrat.

1995 2756 2692 2842 CAPITULUM
2752 2761 2849 2841 V.

1585 2969 1673 3030 De
1705 2969 2108 3031 munificencia
2138 2949 2300 3053 regis·
2314 2970 2363 3032 F
2365 2975 2561 3032 rancie
2589 2992 2723 3054 erga
2758 2979 2951 3053 regem
2982 2961 3273 3031 Armenie.

1152 3173 1259 3253 Ut
1295 3173 1559 3254 felices
1602 3202 1686 3254 se
1726 3171 2097 3256 desinant
2133 3175 2587 3287 predicare,
2629 3179 2770 3288 qui
2826 3205 3055 3261 suam
3103 3203 3372 3259 rerum
3410 3172 3825 3254 affluencia

1035 3310 1373 3418 gloriam
1398 3314 1820 3393 mecientes
1847 3316 1932 3409 in
1956 3314 2282 3394 fortune
2314 3333 2493 3394 rota
2505 3314 2837 3395 volubili
2864 3312 3129 3393 fixisse
3153 3313 3460 3393 clavum
3482 3309 3827 3390 solidum

1036 3449 1512 3557 opinantur,
1549 3478 1650 3529 ne
1679 3452 2010 3531 miseros
2044 3481 2130 3531 se
2163 3452 2603 3552 clamitent,
2647 3467 2825 3532 cum
2849 3515 2867 3551 ,
2908 3446 3344 3531 detrudens
3378 3447 3478 3528 ad
3509 3447 3783 3527 infima
3803 3509 3821 3545 ,

1036 3614 1074 3662 a
1121 3583 1537 3694 dignitatis
1572 3585 1827 3695 gradu
1870 3587 2360 3693 deciderint„
2401 3592 2525 3671 vir
2559 3592 2645 3670 in
2680 3586 2837 3669 fide
2870 3588 3304 3668 catholicus
3334 3604 3419 3689 et]
3446 3582 3825 3664 fidelitate

1037 3724 1374 3831 insignis
1403 3784 1422 3821 ,
1490 3725 1654 3805 Leo
1717 3727 2054 3807 minoris
2118 3730 2496 3808 Armenie
2556 3757 2696 3807 rex
2761 3745 3321 3836 argumentum
3388 3720 3826 3803 evidentis—

1037 3863 1330 3941 simum
1373 3860 1597 3943 dedit
1641 3865 1797 3945 hiis
1838 3862 2144 3949 diebus.
2191 3867 2387 3948 Fide
2427 3866 2859 3976 dignorum
2899 3867 3189 3964 relatu,
3228 3866 3334 3960 is,
3386 3858 3825 3945 secundum

1036 4028 1358 4079 earnem
1395 4001 1594 4081 nulli
1635 4004 2093 4084 mortalium
2137 4004 2557 4085 nobilitate
2597 4000 2988 4085 secundus
3027 4018 3435 4111 reputatus
3465 4062 3484 4098 ,
3543 4016 3826 4109 utpote

1037 4163 1135 4214 ex
1191 4139 1553 4245 genitore
1614 4169 1800 4248 rege
1862 4142 2318 4252 genitaque’
2333 4143 2877 4250 ‘imperatricis
2943 4141 3230 4219 Grecie
3283 4136 3586 4218 ducens
3657 4138 3824 4217 ori-

1038 4274 1307 4379 ginem
1331 4338 1349 4371 ,
1412 4304 1559 4355 nec
1623 4278 2139 4384 generositati
2198 4278 2565 4357 moribus
2629 4275 3089 4385 derogabat.
3161 4274 3405 4374 Nam,
3466 4274 3824 4386 quamvis

1036 4427 1242 4489 esset
1263 4406 1575 4491 ‘statura
1619 4412 1949 4521 pusillus
1970 4476 1989 4513 ,
2040 4442 2329 4523 magna
2370 4433 2635 4494 tamen
2682 4414 3074 4522 regnabat
3116 4415 3367 4494 virtus
3408 4414 3493 4492 in
3535 4412 3822 4516 exiguo

1038 4574 1399 4658 corpore.
1445 4550 1759 4630 Vivacis
1801 4570 1971 4632 erat
2016 4555 2323 4662 ingenii
2347 4617 2367 4653 ,
2424 4571 2503 4634 et
2554 4556 2640 4633 in
2694 4552 3124 4662 agibilibus
3180 4578 3457 4661 gerens
3509 4545 3821 4626 oculum

1037 4688 1569 4794 perspicacem
1595 4749 1614 4786 ,
1655 4690 1905 4805 verbo
1946 4708 2027 4770 et
2064 4691 2534 4772 affabilitate
2576 4688 3237 4772 commendabilis
3279 4686 3700 4780 existebat,
3743 4697 3823 4759 et

1040 4838 1210 4901 tota
1248 4851 1387 4903 sua
1418 4823 1898 4907 habitudine
1938 4846 2352 4909 venustam
2380 4830 2771 4938 principis
2812 4829 3083 4909 eximii
3120 4823 3602 4932 eleganciam
3634 4845 3821 4928 pre-7
