4666 6014
1078 670 1232 745 394
1561 660 2247 737 CHROMGORUM
2298 660 2656 737 KAROLI
2683 662 2994 754 ,SEXTI
3044 662 3224 737 LlB.
3279 661 3409 741 vl.

1082 823 1344 900 virum
1391 817 1667 927 utique
1707 814 2132 895 robustum
2167 815 2484 926 sibique
2520 815 2828 897 viribus
2875 815 3271 927 equalem,
3306 812 3888 899 debellaturum

1081 937 1431 1037 venerat.
1456 954 1559 1032 Et
1578 954 1764 1064 quia
1789 953 2057 1061 ipsum
2076 950 2244 1032 dux
2270 950 2735 1061 Burgundie
2759 951 3219 1033 cordialiter
3244 972 3324 1034 et
3345 981 3587 1064 super
3610 984 3888 1038 omnes

1084 1091 1509 1173 familiares
1539 1118 1725 1170 suos
1751 1089 2139 1199 diligebat
2158 1153 2177 1190 ,
2222 1092 2308 1170 in
2333 1091 2503 1202 ejus
2531 1090 2889 1171 favorem
2921 1091 3255 1171 consilio
3281 1119 3522 1200 super
3547 1094 3882 1174 instanti

1082 1228 1425 1339 negocio
1455 1225 1857 1307 celebrato
1877 1289 1896 1326 ,
1946 1228 2363 1307 temerarie
2408 1228 3007 1337 presumpcioni
3056 1230 3611 1310 inconsuetam
3641 1228 3886 1311 auda-

1087 1369 1295 1449 ciam
1324 1365 1835 1447 ascribebant
1863 1367 2454 1475 circumspecti;
2488 1368 2799 1475 experti
2827 1394 3150 1479 quoque
3176 1368 3263 1447 in
3288 1367 3471 1477 jure
3498 1366 3773 1448 divino
3807 1386 3887 1448 et

1086 1505 1474 1584 canonico
1499 1564 1519 1602 ,
1550 1527 1733 1581 cum
1762 1499 2022 1581 duella
2054 1503 2141 1581 in
2171 1503 2354 1612 jure
2383 1506 2548 1583 sint
2587 1503 3004 1612 prohibita
3024 1564 3044 1602 ,
3076 1523 3156 1583 et
3186 1504 3404 1583 hunc
3427 1533 3883 1616 aggressum

1085 1640 1694 1752 injustissimum
1741 1639 2265 1746 reputabant,
2318 1658 2400 1719 et
2450 1642 2864 1749 potissime
2903 1669 3086 1721 cum
3121 1641 3340 1721 nulla
3388 1669 3721 1749 prorsus
3766 1644 3886 1721 in-

1085 1781 1295 1887 juria
1320 1780 1841 1889 precessisset.

1208 1914 1396 1997 Ideo
1442 1943 1583 1995 rex
1623 1932 1704 1994 et
1747 1914 2091 1995 illustres
2144 1915 2539 1996 ambobus
2578 1934 3143 2024 persuaserunt
3193 1942 3296 1996 ne
3349 1897 3883 2044 spectaculum

1084 2055 1302 2163 plebi
1336 2070 1788 2163 prestarent
1813 2050 2280 2163 indignum,
2306 2082 2392 2133 se
2422 2071 2650 2133 tanto
2678 2053 3168 2135 subicientes
3201 2052 3671 2135 discrimini.
3702 2055 3881 2136 Hiis

1087 2209 1355 2272 tamen
1389 2192 2037 2300 obtemperatum
2069 2219 2238 2270 non
2278 2190 2458 2290 fun‘t3
2495 2220 2686 2271 nam
2717 2189 2990 2272 Guido
3024 2194 3538 2301 provocantis
3580 2193 3884 2301 impor-

1087 2333 1516 2410 tunitatem
1552 2358 1722 2442 non
1759 2328 2025 2409 ferens
2056 2330 2319 2441 sepius
2352 2331 2782 2439 repetentis
2818 2360 2835 2408 ε
2876 2364 2914 2404 <c
2943 2329 3072 2409 Tu
3111 2331 3284 2438 ipse
3306 2327 3694 2438 congredi
3718 2359 3884 2411 me-

1089 2504 1128 2542 «
1167 2497 1385 2566 eum,
1435 2484 1528 2546 ut
1584 2466 1830 2548 modo
1885 2451 2233 2548 duorum
2278 2468 2447 2577 jam
2493 2466 2686 2546 hinc
2737 2484 3027 2548 eventu
3077 2484 3454 2547 cernatur
3493 2485 3886 2578 quantum
3980 2467 3991 2474 ’

1090 2642 1127 2679 (ι
1168 2633 1409 2716 eques
1436 2603 1817 2711 Anglicus
1860 2601 2171 2682 Gallico
2212 2622 2516 2713 prestet
2536 2666 2556 2703 ‚
2597 2638 2636 2679 n
2681 2633 2787 2683 ne
2824 2576 3280 2684 timiditatis
3321 2603 3478 2684 sibi
3527 2603 3883 2684 obicere-

1092 2759 1225 2820 tur
1244 2740 1521 2821 titulus
1542 2802 1561 2839 ,
1592 2757 1930 2819 martem
1955 2738 2294 2820 dubium
2322 2744 2602 2822 statuit
2622 2742 3009 2852 experiri,
3044 2739 3143 2821 ad
3166 2741 3323 2822 hoc
3348 2741 3647 2849 eligens
3670 2739 3883 2821 diem

1093 2900 1395 2962 certum
1419 2942 1438 2980 ,
1474 2880 2062 2989 astrologorum
2090 2881 2451 2979 consili0‚
2494 2883 2753 2962 curias
2781 2882 3477 2992 frequentancium
3507 2878 3879 2960 domino-

1094 3049 1267 3100 rum
1289 3082 1307 3117 ,
1340 3036 1430 3099 ut
1458 3046 1736 3098 eorum
1766 3017 2061 3126 regulis
2089 3015 2631 3125 dirigerentur
2656 3020 2741 3097 in
2772 3015 3100 3126 agendis
3119 3080 3137 3115 ,
3162 3035 3242 3097 et
3269 3018 3412 3130 qui
3433 3035 3628 3097 tunc
3656 3044 3884 3097 even-

1017 3186 1034 3203 ·
1093 3175 1264 3237 tum
1313 3184 1580 3267 pugne
1617 3157 1683 3234 si
1726 3154 2079 3234 faustum
2116 3153 2239 3233 vel
2288 3152 2685 3233 infelicem
2712 3182 2991 3234 cursus
3034 3152 3415 3262 syderum
3452 3151 3883 3235 redderent

1093 3295 1566 3401 investigare
1597 3307 2007 3401 ceperunt.
2043 3292 2114 3368 A
2157 3292 2580 3398 proposito
2623 3318 2791 3370 non
2845 3286 3214 3388 dissidet,
3263 3290 3331 3369 si
3377 3290 3586 3369 hanc
3627 3308 3881 3370 artem

1092 3428 1433 3511 dixerim
1465 3423 2183 3508 commendandam
2220 3429 2307 3505 in
2356 3444 2746 3538 quantum
2793 3428 3007 3505 intra
3045 3424 3335 3509 limites
3382 3423 3879 3505 moderacio-

1093 3573 1219 3651 nis
1260 3567 1759 3663 continetur3
1806 3593 1954 3646 nec
2005 3564 2252 3661 ultra,
2310 3565 2381 3644 si
2423 3544 2813 3643 addidero
2855 3558 3078 3675 quod
3118 3562 3258 3672 qui
3309 3558 3412 3639 de
3457 3559 3877 3641 effectibus

1087 3705 1452 3816 judicant
1480 3733 1578 3784 ex
1608 3704 1861 3784 causis
1891 3704 2116 3812 prius
2143 3702 2440 3810 ignotis
2472 3719 2555 3782 et
2583 3729 2740 3812 que
2779 3698 2882 3780 ad
2911 3698 3383 3779 utrumlibet
3412 3697 3657 3777 finem
3690 3726 3878 3804 pos-

1093 3860 1285 3923 sunt
1305 3842 1706 3922 declinare
1725 3901 1744 3939 ,
1780 3839 1960 3950 plus
1987 3866 2226 3951 quam
2258 3816 2638 3947 opportet
2662 3840 3085 3947 sapientes,
3112 3837 3342 3946 juxta
3368 3833 3878 3945 appostolum

1093 3981 1314 4063 stulti
1342 3998 1568 4079 sunt,
1603 3997 1683 4061 et
1713 3979 2014 4087 sepius,
2048 3974 2245 4056 dum
2278 3976 2859 4085 professionem
2881 4003 3106 4055 suam
3138 3989 3533 4054 conantur
3559 3974 3875 4081 magni-

1092 4122 1328 4201 ficare
1353 4122 1382 4164 ¹
1404 4181 1423 4219 ,
1456 4121 1882 4198 incurrunt
1906 4110 2433 4195 mendacium.
2467 4114 2794 4195 Certum
2818 4132 2944 4194 est
2972 4113 3220 4191 eciam
3240 4107 3467 4222 ‚quod
3503 4126 3877 4190 astrono-

1088 4262 1245 4340 mie
1281 4254 1583 4369 judicia
1627 4281 1865 4364 super
1925 4254 2235 4332 incerto
2288 4250 2600 4332 firmata
2657 4250 2931 4331 faciles
2979 4246 3113 4355 ad,
3143 4243 3635 4329 credendum
3690 4276 3874 4354 sepe

1089 4398 1501 4506 decipiunt
1545 4411 1625 4474 et
1676 4410 1954 4504 aperto
1987 4394 2020 4436 ²
2052 4391 2536 4472 convolvunt
2587 4390 2955 4470 falsitatis
3005 4414 3280 4467 errore
3300 4448 3318 4485 ,
3361 4414 3508 4465 nec
3550 4387 3636 4464 in
3677 4387 3873 4491 ipsis

1089 4529 1720 4644 deprehenditur
1759 4530 2219 4610 futurorum
2264 4545 2625 4626 eveum,
2680 4527 2836 4607 nisi
2870 4555 2970 4606 ex
3011 4526 3265 4606 causis
3294 4521 3680 4633 procedat
3708 4522 3874 4630 jam

1163 4824 1178 4845 ¹
1224 4817 1400 4873 Vas-..-
1429 4829 1493 4870 ω’
1511 4811 1682 4887 5960,
1709 4812 1808 4869 sol.
1826 4811 1983 4882 6612,
2009 4811 2393 4884 manifestare.
2586 4823 2603 4845 ·
2651 4812 2790 4867 Var.
2816 4835 2829 4864 .-
2852 4820 2915 4865 n⁰
2933 4805 3074 4881 5960
3093 4849 3113 4876 ‚.
3139 4805 3236 4862 sol.
3262 4803 3335 4860 66
3358 4824 3426 4873 ιι,
3457 4812 3613 4875 apto.
