<?xml version="1.0" encoding="UTF-8"?>
<!DOCTYPE html PUBLIC "-//W3C//DTD XHTML 1.0 Transitional//EN"
    "http://www.w3.org/TR/xhtml1/DTD/xhtml1-transitional.dtd">
<html xmlns="http://www.w3.org/1999/xhtml" xml:lang="en" lang="en">
 <head>
  <title>
</title>
<meta http-equiv="Content-Type" content="text/html;charset=utf-8" />
  <meta name='ocr-system' content='tesseract 3.04.00' />
  <meta name='ocr-capabilities' content='ocr_page ocr_carea ocr_par ocr_line ocrx_word'/>
</head>
<body>
  <div class='ocr_page' id='page_1' title='image "./chroniquedureli00frangoog_0102.png"; bbox 0 0 4666 6014; ppageno 0'>
   <div class='ocr_carea' id='block_1_1' title="bbox 1153 621 3444 714">
    <p class='ocr_par' dir='ltr' id='par_1_1' title="bbox 1153 621 3444 714">
     <span class='ocr_line' id='line_1_1' title="bbox 1153 621 3444 714; baseline -0.002 -2"><span class='ocrx_word' id='word_1_1' title='bbox 1153 640 1244 714; x_wconf 85' lang='lat'>78</span> <span class='ocrx_word' id='word_1_2' title='bbox 1639 632 2325 709; x_wconf 74' lang='lat' dir='ltr'>CHRONfflORUM</span> <span class='ocrx_word' id='word_1_3' title='bbox 2377 632 2733 706; x_wconf 73' lang='lat' dir='ltr'><strong>KAROIJ</strong></span> <span class='ocrx_word' id='word_1_4' title='bbox 2784 633 3068 706; x_wconf 85' lang='lat' dir='ltr'><strong>SEXTI</strong></span> <span class='ocrx_word' id='word_1_5' title='bbox 3107 621 3292 707; x_wconf 77' lang='lat' dir='ltr'>Lm.</span> <span class='ocrx_word' id='word_1_6' title='bbox 3349 635 3444 707; x_wconf 88' lang='grc' dir='ltr'>Π.</span> 
     </span>
    </p>
   </div>
   <div class='ocr_carea' id='block_1_2' title="bbox 1042 1055 3950 4454">
    <p class='ocr_par' dir='ltr' id='par_1_2' title="bbox 1042 1055 3950 4454">
     <span class='ocr_line' id='line_1_2' title="bbox 1261 1055 3950 1170; baseline 0 -34"><span class='ocrx_word' id='word_1_7' title='bbox 1261 1101 1298 1137; x_wconf 72' lang='lat' dir='ltr'>&lt;c</span> <span class='ocrx_word' id='word_1_8' title='bbox 1329 1064 1412 1142; x_wconf 91' lang='lat' dir='ltr'>Si</span> <span class='ocrx_word' id='word_1_9' title='bbox 1443 1062 1803 1170; x_wconf 89' lang='lat' dir='ltr'>preconii</span> <span class='ocrx_word' id='word_1_10' title='bbox 1834 1060 2048 1137; x_wconf 82' lang='lat' dir='ltr'>fama</span> <span class='ocrx_word' id='word_1_11' title='bbox 2081 1075 2398 1136; x_wconf 82' lang='lat' dir='ltr'>terrene</span> <span class='ocrx_word' id='word_1_12' title='bbox 2428 1055 2875 1136; x_wconf 87' lang='lat' dir='ltr'>nobilitatis</span> <span class='ocrx_word' id='word_1_13' title='bbox 2914 1057 3203 1135; x_wconf 85' lang='lat' dir='ltr'>merito</span> <span class='ocrx_word' id='word_1_14' title='bbox 3245 1055 3678 1154; x_wconf 80' lang='lat' dir='ltr'>attollatur,</span> <span class='ocrx_word' id='word_1_15' title='bbox 3712 1084 3950 1137; x_wconf 87' lang='lat' dir='ltr'>cunc-</span> 
     </span>
     <span class='ocr_line' id='line_1_3' title="bbox 1146 1194 3945 1305; baseline 0 -30"><span class='ocrx_word' id='word_1_16' title='bbox 1146 1238 1183 1275; x_wconf 83' lang='lat'>«</span> <span class='ocrx_word' id='word_1_17' title='bbox 1220 1204 1322 1279; x_wconf 90' lang='lat' dir='ltr'>tis</span> <span class='ocrx_word' id='word_1_18' title='bbox 1356 1197 1780 1279; x_wconf 84' lang='lat' dir='ltr'>annalibus</span> <span class='ocrx_word' id='word_1_19' title='bbox 1813 1214 2009 1276; x_wconf 90' lang='lat' dir='ltr'>nota</span> <span class='ocrx_word' id='word_1_20' title='bbox 2050 1223 2175 1274; x_wconf 89' lang='lat' dir='ltr'>res</span> <span class='ocrx_word' id='word_1_21' title='bbox 2204 1212 2325 1275; x_wconf 91' lang='lat' dir='ltr'>est</span> <span class='ocrx_word' id='word_1_22' title='bbox 2353 1222 2665 1305; x_wconf 84' lang='lat' dir='ltr'>semper</span> <span class='ocrx_word' id='word_1_23' title='bbox 2697 1194 3051 1274; x_wconf 82' lang='lat' dir='ltr'>Francos</span> <span class='ocrx_word' id='word_1_24' title='bbox 3086 1194 3483 1275; x_wconf 83' lang='lat' dir='ltr'>amicicias</span> <span class='ocrx_word' id='word_1_25' title='bbox 3516 1197 3945 1302; x_wconf 84' lang='lat' dir='ltr'>promissas</span> 
     </span>
     <span class='ocr_line' id='line_1_4' title="bbox 1145 1330 3945 1444; baseline 0 -34"><span class='ocrx_word' id='word_1_26' title='bbox 1145 1374 1181 1411; x_wconf 72' lang='lat' dir='ltr'>&lt;c</span> <span class='ocrx_word' id='word_1_27' title='bbox 1215 1365 1523 1417; x_wconf 87' lang='lat' dir='ltr'>summa</span> <span class='ocrx_word' id='word_1_28' title='bbox 1571 1333 1729 1414; x_wconf 91' lang='lat' dir='ltr'>fide</span> <span class='ocrx_word' id='word_1_29' title='bbox 1784 1333 2118 1413; x_wconf 88' lang='lat' dir='ltr'>coluisse</span> <span class='ocrx_word' id='word_1_30' title='bbox 2150 1360 2397 1444; x_wconf 88' lang='lat' dir='ltr'>:quas</span> <span class='ocrx_word' id='word_1_31' title='bbox 2449 1350 2529 1410; x_wconf 90' lang='lat' dir='ltr'>et</span> <span class='ocrx_word' id='word_1_32' title='bbox 2560 1333 2628 1411; x_wconf 90' lang='lat' dir='ltr'>si</span> <span class='ocrx_word' id='word_1_33' title='bbox 2679 1359 2861 1410; x_wconf 92' lang='lat' dir='ltr'>cum</span> <span class='ocrx_word' id='word_1_34' title='bbox 2892 1333 3165 1410; x_wconf 87' lang='lat' dir='ltr'>amicis</span> <span class='ocrx_word' id='word_1_35' title='bbox 3211 1334 3545 1430; x_wconf 82' lang='lat' dir='ltr'>nostris,</span> <span class='ocrx_word' id='word_1_36' title='bbox 3597 1330 3945 1412; x_wconf 91' lang='lat' dir='ltr'>dominis</span> 
     </span>
     <span class='ocr_line' id='line_1_5' title="bbox 1144 1467 3950 1582; baseline -0.001 -31"><span class='ocrx_word' id='word_1_37' title='bbox 1144 1514 1179 1552; x_wconf 88' lang='lat'>«</span> <span class='ocrx_word' id='word_1_38' title='bbox 1223 1478 1505 1556; x_wconf 86' lang='lat' dir='ltr'>vestris</span> <span class='ocrx_word' id='word_1_39' title='bbox 1558 1474 1883 1582; x_wconf 83' lang='lat' dir='ltr'>regibus</span> <span class='ocrx_word' id='word_1_40' title='bbox 1904 1536 1924 1570; x_wconf 96' lang='lat'>,</span> <span class='ocrx_word' id='word_1_41' title='bbox 1977 1472 2357 1553; x_wconf 85' lang='lat' dir='ltr'>dominus</span> <span class='ocrx_word' id='word_1_42' title='bbox 2405 1470 2653 1553; x_wconf 75' lang='lat' dir='ltr'>frater</span> <span class='ocrx_word' id='word_1_43' title='bbox 2689 1488 2992 1569; x_wconf 87' lang='lat' dir='ltr'>noster,</span> <span class='ocrx_word' id='word_1_44' title='bbox 3049 1487 3141 1549; x_wconf 90' lang='lat' dir='ltr'>ut</span> <span class='ocrx_word' id='word_1_45' title='bbox 3179 1467 3450 1549; x_wconf 90' lang='lat' dir='ltr'>decori</span> <span class='ocrx_word' id='word_1_46' title='bbox 3498 1473 3775 1579; x_wconf 88' lang='lat' dir='ltr'>pocius</span> <span class='ocrx_word' id='word_1_47' title='bbox 3799 1534 3816 1568; x_wconf 93' lang='lat'>,</span> <span class='ocrx_word' id='word_1_48' title='bbox 3860 1489 3950 1550; x_wconf 90' lang='lat' dir='ltr'>ut</span> 
     </span>
     <span class='ocr_line' id='line_1_6' title="bbox 1144 1590 3943 1724; baseline -0.002 -33"><span class='ocrx_word' id='word_1_49' title='bbox 1144 1652 1181 1690; x_wconf 76' lang='lat' dir='ltr'>&lt;c</span> <span class='ocrx_word' id='word_1_50' title='bbox 1218 1619 1327 1693; x_wconf 88' lang='lat' dir='ltr'>ita</span> <span class='ocrx_word' id='word_1_51' title='bbox 1367 1616 1691 1724; x_wconf 85' lang='lat' dir='ltr'>loquar,</span> <span class='ocrx_word' id='word_1_52' title='bbox 1749 1639 1990 1723; x_wconf 83' lang='lat' dir='ltr'>quam</span> <span class='ocrx_word' id='word_1_53' title='bbox 2048 1590 2367 1693; x_wconf 46' lang='lat' dir='ltr'>auxilio*</span> <span class='ocrx_word' id='word_1_54' title='bbox 2409 1610 2567 1691; x_wconf 85' lang='lat' dir='ltr'>sibi</span> <span class='ocrx_word' id='word_1_55' title='bbox 2619 1627 2923 1707; x_wconf 86' lang='lat' dir='ltr'>essent,</span> <span class='ocrx_word' id='word_1_56' title='bbox 2971 1606 3500 1719; x_wconf 72' lang='lat' dir='ltr'>jurejurando</span> <span class='ocrx_word' id='word_1_57' title='bbox 3557 1608 3901 1689; x_wconf 85' lang='lat' dir='ltr'>firmavit</span> <span class='ocrx_word' id='word_1_58' title='bbox 3924 1670 3943 1705; x_wconf 97' lang='lat'>,</span> 
     </span>
     <span class='ocr_line' id='line_1_7' title="bbox 1141 1744 3946 1857; baseline -0 -32"><span class='ocrx_word' id='word_1_59' title='bbox 1141 1788 1177 1825; x_wconf 76' lang='lat' dir='ltr'>c&lt;</span> <span class='ocrx_word' id='word_1_60' title='bbox 1215 1781 1347 1831; x_wconf 86' lang='lat' dir='ltr'>eas</span> <span class='ocrx_word' id='word_1_61' title='bbox 1377 1771 1457 1831; x_wconf 87' lang='lat' dir='ltr'>et</span> <span class='ocrx_word' id='word_1_62' title='bbox 1489 1748 1867 1830; x_wconf 85' lang='lat' dir='ltr'>dominus</span> <span class='ocrx_word' id='word_1_63' title='bbox 1903 1768 2177 1828; x_wconf 83' lang='lat' dir='ltr'>noster</span> <span class='ocrx_word' id='word_1_64' title='bbox 2204 1776 2374 1828; x_wconf 79' lang='lat' dir='ltr'>non</span> <span class='ocrx_word' id='word_1_65' title='bbox 2413 1745 2765 1827; x_wconf 74' lang='lat' dir='ltr'>intendit</span> <span class='ocrx_word' id='word_1_66' title='bbox 2805 1746 3285 1854; x_wconf 77' lang='lat' dir='ltr'>infringere,</span> <span class='ocrx_word' id='word_1_67' title='bbox 3328 1744 3715 1857; x_wconf 81' lang='lat' dir='ltr'>quamdiu</span> <span class='ocrx_word' id='word_1_68' title='bbox 3754 1745 3946 1825; x_wconf 84' lang='lat' dir='ltr'>fide·-</span> 
     </span>
     <span class='ocr_line' id='line_1_8' title="bbox 1141 1882 3944 1984; baseline 0 -23"><span class='ocrx_word' id='word_1_69' title='bbox 1141 1925 1176 1962; x_wconf 82' lang='lat'>«</span> <span class='ocrx_word' id='word_1_70' title='bbox 1219 1890 1525 1968; x_wconf 89' lang='lat' dir='ltr'>litatem</span> <span class='ocrx_word' id='word_1_71' title='bbox 1553 1905 1915 1967; x_wconf 85' lang='lat' dir='ltr'>mutuam</span> <span class='ocrx_word' id='word_1_72' title='bbox 1940 1885 2555 1966; x_wconf 80' lang='lat' dir='ltr'>conservabunt.</span> <span class='ocrx_word' id='word_1_73' title='bbox 2587 1884 2776 1984; x_wconf 81' lang='lat' dir='ltr'>Quo</span> <span class='ocrx_word' id='word_1_74' title='bbox 2802 1882 2905 1962; x_wconf 82' lang='lat' dir='ltr'>ad</span> <span class='ocrx_word' id='word_1_75' title='bbox 2928 1900 3222 1962; x_wconf 72' lang='lat' dir='ltr'>statum</span> <span class='ocrx_word' id='word_1_76' title='bbox 3248 1882 3627 1979; x_wconf 82' lang='lat' dir='ltr'>Ecclesie,</span> <span class='ocrx_word' id='word_1_77' title='bbox 3657 1886 3944 1962; x_wconf 84' lang='lat' dir='ltr'>scitote</span> 
     </span>
     <span class='ocr_line' id='line_1_9' title="bbox 1141 2009 3941 2133; baseline -0 -34"><span class='ocrx_word' id='word_1_78' title='bbox 1141 2062 1178 2100; x_wconf 81' lang='lat' dir='ltr'>&lt;c</span> <span class='ocrx_word' id='word_1_79' title='bbox 1216 2023 1318 2104; x_wconf 89' lang='lat' dir='ltr'>ad</span> <span class='ocrx_word' id='word_1_80' title='bbox 1360 2030 1612 2105; x_wconf 90' lang='lat' dir='ltr'>instar</span> <span class='ocrx_word' id='word_1_81' title='bbox 1646 2009 2099 2133; x_wconf 85' lang='lat' dir='ltr'>priscorum</span> <span class='ocrx_word' id='word_1_82' title='bbox 2150 2049 2468 2130; x_wconf 83' lang='lat' dir='ltr'>regum,</span> <span class='ocrx_word' id='word_1_83' title='bbox 2505 2018 2606 2099; x_wconf 89' lang='lat' dir='ltr'>ad</span> <span class='ocrx_word' id='word_1_84' title='bbox 2649 2019 3276 2100; x_wconf 67' lang='lat' dir='ltr'>destruct-ionem</span> <span class='ocrx_word' id='word_1_85' title='bbox 3309 2018 3698 2098; x_wconf 83' lang='lat' dir='ltr'>horrendi</span> <span class='ocrx_word' id='word_1_86' title='bbox 3741 2023 3941 2098; x_wconf 86' lang='lat' dir='ltr'>scis-</span> 
     </span>
     <span class='ocr_line' id='line_1_10' title="bbox 1141 2154 3941 2263; baseline 0 -28"><span class='ocrx_word' id='word_1_87' title='bbox 1141 2201 1177 2236; x_wconf 81' lang='lat'>«</span> <span class='ocrx_word' id='word_1_88' title='bbox 1216 2166 1450 2242; x_wconf 89' lang='lat' dir='ltr'>matis</span> <span class='ocrx_word' id='word_1_89' title='bbox 1487 2162 1677 2240; x_wconf 89' lang='lat' dir='ltr'>totis</span> <span class='ocrx_word' id='word_1_90' title='bbox 1710 2161 2023 2240; x_wconf 89' lang='lat' dir='ltr'>nisibus</span> <span class='ocrx_word' id='word_1_91' title='bbox 2065 2158 2439 2238; x_wconf 88' lang='lat' dir='ltr'>anhelare</span> <span class='ocrx_word' id='word_1_92' title='bbox 2480 2154 2903 2237; x_wconf 89' lang='lat' dir='ltr'>dominum</span> <span class='ocrx_word' id='word_1_93' title='bbox 2948 2174 3319 2236; x_wconf 87' lang='lat' dir='ltr'>nostrum</span> <span class='ocrx_word' id='word_1_94' title='bbox 3370 2182 3671 2263; x_wconf 84' lang='lat' dir='ltr'>regem,</span> <span class='ocrx_word' id='word_1_95' title='bbox 3716 2174 3796 2235; x_wconf 92' lang='lat' dir='ltr'>et</span> <span class='ocrx_word' id='word_1_96' title='bbox 3842 2155 3941 2236; x_wconf 95' lang='lat' dir='ltr'>de</span> 
     </span>
     <span class='ocr_line' id='line_1_11' title="bbox 1142 2291 3939 2407; baseline 0 -36"><span class='ocrx_word' id='word_1_97' title='bbox 1142 2338 1175 2373; x_wconf 85' lang='lat'>«</span> <span class='ocrx_word' id='word_1_98' title='bbox 1221 2300 1655 2379; x_wconf 89' lang='lat' dir='ltr'>duracione</span> <span class='ocrx_word' id='word_1_99' title='bbox 1684 2293 2043 2406; x_wconf 86' lang='lat' dir='ltr'>ejusdem</span> <span class='ocrx_word' id='word_1_100' title='bbox 2076 2293 2465 2392; x_wconf 89' lang='lat' dir='ltr'>dolorem,</span> <span class='ocrx_word' id='word_1_101' title='bbox 2501 2312 2894 2407; x_wconf 87' lang='lat' dir='ltr'>quantum</span> <span class='ocrx_word' id='word_1_102' title='bbox 2936 2291 3036 2373; x_wconf 90' lang='lat' dir='ltr'>de</span> <span class='ocrx_word' id='word_1_103' title='bbox 3074 2292 3232 2374; x_wconf 90' lang='lat' dir='ltr'>ulla</span> <span class='ocrx_word' id='word_1_104' title='bbox 3261 2322 3349 2373; x_wconf 89' lang='lat' dir='ltr'>re</span> <span class='ocrx_word' id='word_1_105' title='bbox 3378 2323 3729 2406; x_wconf 86' lang='lat' dir='ltr'>unquam</span> <span class='ocrx_word' id='word_1_106' title='bbox 3763 2295 3939 2404; x_wconf 90' lang='lat' dir='ltr'>capi</span> 
     </span>
     <span class='ocr_line' id='line_1_12' title="bbox 1143 2430 3938 2546; baseline 0.001 -36"><span class='ocrx_word' id='word_1_107' title='bbox 1143 2475 1178 2511; x_wconf 73' lang='lat' dir='ltr'>&lt;c</span> <span class='ocrx_word' id='word_1_108' title='bbox 1226 2455 1523 2546; x_wconf 85' lang='lat' dir='ltr'>posset,</span> <span class='ocrx_word' id='word_1_109' title='bbox 1557 2453 1639 2514; x_wconf 89' lang='lat' dir='ltr'>et</span> <span class='ocrx_word' id='word_1_110' title='bbox 1668 2462 1951 2543; x_wconf 80' lang='lat' dir='ltr'>capere</span> <span class='ocrx_word' id='word_1_111' title='bbox 1973 2451 2054 2512; x_wconf 88' lang='lat' dir='ltr'>et</span> <span class='ocrx_word' id='word_1_112' title='bbox 2077 2435 2418 2542; x_wconf 79' lang='lat' dir='ltr'>cepisse3</span> <span class='ocrx_word' id='word_1_113' title='bbox 2452 2434 2711 2511; x_wconf 88' lang='lat' dir='ltr'>sciens</span> <span class='ocrx_word' id='word_1_114' title='bbox 2744 2430 2966 2544; x_wconf 88' lang='lat' dir='ltr'>quod</span> <span class='ocrx_word' id='word_1_115' title='bbox 2999 2434 3415 2512; x_wconf 89' lang='lat' dir='ltr'>occasione</span> <span class='ocrx_word' id='word_1_116' title='bbox 3448 2432 3685 2542; x_wconf 88' lang='lat' dir='ltr'>hujus</span> <span class='ocrx_word' id='word_1_117' title='bbox 3717 2434 3938 2542; x_wconf 89' lang='lat' dir='ltr'>prius</span> 
     </span>
     <span class='ocr_line' id='line_1_13' title="bbox 1141 2565 3940 2677; baseline 0 -30"><span class='ocrx_word' id='word_1_118' title='bbox 1141 2611 1177 2648; x_wconf 68' lang='lat' dir='ltr'>&lt;c</span> <span class='ocrx_word' id='word_1_119' title='bbox 1218 2572 1497 2653; x_wconf 83' lang='lat' dir='ltr'>infelix</span> <span class='ocrx_word' id='word_1_120' title='bbox 1528 2568 1904 2667; x_wconf 88' lang='lat' dir='ltr'>mundus,</span> <span class='ocrx_word' id='word_1_121' title='bbox 1934 2571 2019 2648; x_wconf 88' lang='lat' dir='ltr'>in</span> <span class='ocrx_word' id='word_1_122' title='bbox 2040 2569 2394 2676; x_wconf 84' lang='lat' dir='ltr'>maligno</span> <span class='ocrx_word' id='word_1_123' title='bbox 2427 2570 2761 2677; x_wconf 88' lang='lat' dir='ltr'>positus,</span> <span class='ocrx_word' id='word_1_124' title='bbox 2789 2565 2888 2647; x_wconf 84' lang='lat' dir='ltr'>ad</span> <span class='ocrx_word' id='word_1_125' title='bbox 2916 2566 3321 2648; x_wconf 88' lang='lat' dir='ltr'>deteriora</span> <span class='ocrx_word' id='word_1_126' title='bbox 3349 2566 3669 2647; x_wconf 86' lang='lat' dir='ltr'>declivis</span> <span class='ocrx_word' id='word_1_127' title='bbox 3688 2572 3742 2666; x_wconf 83' lang='lat'>¹,</span> <span class='ocrx_word' id='word_1_128' title='bbox 3775 2597 3940 2648; x_wconf 91' lang='lat' dir='ltr'>om-</span> 
     </span>
     <span class='ocr_line' id='line_1_14' title="bbox 1141 2703 3941 2815; baseline 0 -32"><span class='ocrx_word' id='word_1_129' title='bbox 1141 2748 1177 2783; x_wconf 80' lang='lat'>«</span> <span class='ocrx_word' id='word_1_130' title='bbox 1216 2740 1398 2790; x_wconf 89' lang='lat' dir='ltr'>nem</span> <span class='ocrx_word' id='word_1_131' title='bbox 1423 2712 1573 2790; x_wconf 86' lang='lat' dir='ltr'>Dei</span> <span class='ocrx_word' id='word_1_132' title='bbox 1600 2727 1680 2788; x_wconf 87' lang='lat' dir='ltr'>et</span> <span class='ocrx_word' id='word_1_133' title='bbox 1713 2708 2135 2789; x_wconf 81' lang='lat' dir='ltr'>hominum</span> <span class='ocrx_word' id='word_1_134' title='bbox 2163 2723 2352 2815; x_wconf 85' lang='lat' dir='ltr'>post</span> <span class='ocrx_word' id='word_1_135' title='bbox 2383 2723 2704 2813; x_wconf 80' lang='lat' dir='ltr'>tergum</span> <span class='ocrx_word' id='word_1_136' title='bbox 2734 2703 3051 2784; x_wconf 88' lang='lat' dir='ltr'>dederit</span> <span class='ocrx_word' id='word_1_137' title='bbox 3089 2707 3620 2785; x_wconf 78' lang='lat' dir='ltr'>reverenciam</span> <span class='ocrx_word' id='word_1_138' title='bbox 3639 2768 3658 2802; x_wconf 94' lang='lat'>,</span> <span class='ocrx_word' id='word_1_139' title='bbox 3695 2709 3941 2785; x_wconf 82' lang='lat' dir='ltr'>noxia</span> 
     </span>
     <span class='ocr_line' id='line_1_15' title="bbox 1139 2840 3938 2961; baseline 0 -40"><span class='ocrx_word' id='word_1_140' title='bbox 1139 2884 1177 2922; x_wconf 78' lang='lat' dir='ltr'>&lt;c</span> <span class='ocrx_word' id='word_1_141' title='bbox 1211 2876 1549 2959; x_wconf 84' lang='lat' dir='ltr'>sequens</span> <span class='ocrx_word' id='word_1_142' title='bbox 1596 2865 1681 2961; x_wconf 59' lang='lat' dir='ltr'>et⁵</span> <span class='ocrx_word' id='word_1_143' title='bbox 1724 2844 2099 2924; x_wconf 72' lang='lat' dir='ltr'>salmaria</span> <span class='ocrx_word' id='word_1_144' title='bbox 2143 2841 2582 2922; x_wconf 75' lang='lat' dir='ltr'>declinans.</span> <span class='ocrx_word' id='word_1_145' title='bbox 2641 2841 2908 2920; x_wconf 87' lang='lat' dir='ltr'>Unum</span> <span class='ocrx_word' id='word_1_146' title='bbox 2959 2859 3227 2921; x_wconf 78' lang='lat' dir='ltr'>tamen</span> <span class='ocrx_word' id='word_1_147' title='bbox 3278 2859 3397 2921; x_wconf 89' lang='lat' dir='ltr'>est</span> <span class='ocrx_word' id='word_1_148' title='bbox 3449 2840 3896 2929; x_wconf 76' lang='lat' dir='ltr'>notandum</span> <span class='ocrx_word' id='word_1_149' title='bbox 3916 2904 3938 2939; x_wconf 15' lang='grc' dir='ltr'>,η</span> 
     </span>
     <span class='ocr_line' id='line_1_16' title="bbox 1141 2978 3934 3096; baseline 0 -38"><span class='ocrx_word' id='word_1_150' title='bbox 1141 3021 1175 3058; x_wconf 71' lang='grc' dir='ltr'>α</span> <span class='ocrx_word' id='word_1_151' title='bbox 1220 2982 1439 3096; x_wconf 91' lang='lat' dir='ltr'>quod</span> <span class='ocrx_word' id='word_1_152' title='bbox 1459 3047 1478 3080; x_wconf 93' lang='lat'>,</span> <span class='ocrx_word' id='word_1_153' title='bbox 1523 3012 1701 3062; x_wconf 88' lang='lat' dir='ltr'>cum</span> <span class='ocrx_word' id='word_1_154' title='bbox 1741 3010 1996 3092; x_wconf 89' lang='lat' dir='ltr'>nuper</span> <span class='ocrx_word' id='word_1_155' title='bbox 2020 2997 2357 3090; x_wconf 88' lang='lat' dir='ltr'>propter</span> <span class='ocrx_word' id='word_1_156' title='bbox 2382 2980 2912 3062; x_wconf 84' lang='lat' dir='ltr'>assercionem</span> <span class='ocrx_word' id='word_1_157' title='bbox 2946 2978 3388 3058; x_wconf 85' lang='lat' dir='ltr'>multorum</span> <span class='ocrx_word' id='word_1_158' title='bbox 3413 2981 3703 3057; x_wconf 74' lang='lat' dir='ltr'>veritas</span> <span class='ocrx_word' id='word_1_159' title='bbox 3737 2978 3934 3058; x_wconf 84' lang='lat' dir='ltr'>elec-</span> 
     </span>
     <span class='ocr_line' id='line_1_17' title="bbox 1140 3105 3934 3228; baseline 0 -34"><span class='ocrx_word' id='word_1_160' title='bbox 1140 3105 1193 3194; x_wconf 44' lang='lat'>«⁸</span> <span class='ocrx_word' id='word_1_161' title='bbox 1218 3123 1461 3200; x_wconf 90' lang='lat' dir='ltr'>tionis</span> <span class='ocrx_word' id='word_1_162' title='bbox 1517 3147 1682 3199; x_wconf 91' lang='lat' dir='ltr'>non</span> <span class='ocrx_word' id='word_1_163' title='bbox 1734 3136 2004 3228; x_wconf 88' lang='lat' dir='ltr'>posset</span> <span class='ocrx_word' id='word_1_164' title='bbox 2055 3114 2479 3214; x_wconf 88' lang='lat' dir='ltr'>elucidari,</span> <span class='ocrx_word' id='word_1_165' title='bbox 2528 3134 2609 3196; x_wconf 90' lang='lat' dir='ltr'>et</span> <span class='ocrx_word' id='word_1_166' title='bbox 2649 3114 2894 3224; x_wconf 85' lang='lat' dir='ltr'>digne</span> <span class='ocrx_word' id='word_1_167' title='bbox 2934 3119 3319 3195; x_wconf 90' lang='lat' dir='ltr'>memorie</span> <span class='ocrx_word' id='word_1_168' title='bbox 3368 3114 3744 3195; x_wconf 89' lang='lat' dir='ltr'>dominus</span> <span class='ocrx_word' id='word_1_169' title='bbox 3796 3143 3934 3194; x_wconf 85' lang='lat' dir='ltr'>rex</span> 
     </span>
     <span class='ocr_line' id='line_1_18' title="bbox 1142 3244 3932 3370; baseline -0 -40"><span class='ocrx_word' id='word_1_170' title='bbox 1142 3294 1176 3331; x_wconf 71' lang='lat' dir='ltr'>&lt;c</span> <span class='ocrx_word' id='word_1_171' title='bbox 1213 3258 1557 3338; x_wconf 88' lang='lat' dir='ltr'>Karolus</span> <span class='ocrx_word' id='word_1_172' title='bbox 1611 3257 1859 3336; x_wconf 84' lang='lat' dir='ltr'>frater</span> <span class='ocrx_word' id='word_1_173' title='bbox 1911 3274 2184 3335; x_wconf 90' lang='lat' dir='ltr'>noster</span> <span class='ocrx_word' id='word_1_174' title='bbox 2230 3283 2392 3332; x_wconf 84' lang='lat' dir='ltr'>non</span> <span class='ocrx_word' id='word_1_175' title='bbox 2426 3256 2458 3297; x_wconf 74' lang='lat'><em>³</em></span> <span class='ocrx_word' id='word_1_176' title='bbox 2523 3255 2873 3370; x_wconf 81' lang='lat' dir='ltr'>cuipiam</span> <span class='ocrx_word' id='word_1_177' title='bbox 2931 3253 3357 3333; x_wconf 91' lang='lat' dir='ltr'>amborum</span> <span class='ocrx_word' id='word_1_178' title='bbox 3393 3244 3677 3333; x_wconf 64' lang='lat' dir='ltr'>&#39;sedem</span> <span class='ocrx_word' id='word_1_179' title='bbox 3721 3253 3932 3331; x_wconf 89' lang='lat' dir='ltr'>Petri</span> 
     </span>
     <span class='ocr_line' id='line_1_19' title="bbox 1142 3365 3936 3500; baseline 0 -32"><span class='ocrx_word' id='word_1_180' title='bbox 1142 3435 1177 3470; x_wconf 63' lang='grc' dir='ltr'>ι(</span> <span class='ocrx_word' id='word_1_181' title='bbox 1213 3399 1326 3475; x_wconf 90' lang='lat' dir='ltr'>sic</span> <span class='ocrx_word' id='word_1_182' title='bbox 1366 3394 1995 3474; x_wconf 89' lang='lat' dir='ltr'>distrahencium</span> <span class='ocrx_word' id='word_1_183' title='bbox 2034 3369 2375 3471; x_wconf 84' lang='lat' dir='ltr'>firmiter</span> <span class='ocrx_word' id='word_1_184' title='bbox 2416 3389 2874 3488; x_wconf 85' lang='lat' dir='ltr'>adhereret,</span> <span class='ocrx_word' id='word_1_185' title='bbox 2913 3365 3289 3470; x_wconf 83' lang='lat' dir='ltr'>dominus</span> <span class='ocrx_word' id='word_1_186' title='bbox 3332 3387 3541 3500; x_wconf 84' lang='lat' dir='ltr'>papa</span> <span class='ocrx_word' id='word_1_187' title='bbox 3574 3391 3936 3472; x_wconf 85' lang='lat' dir='ltr'>Clemens</span> 
     </span>
     <span class='ocr_line' id='line_1_20' title="bbox 1141 3526 3935 3639; baseline -0.001 -33"><span class='ocrx_word' id='word_1_188' title='bbox 1141 3572 1175 3607; x_wconf 71' lang='grc' dir='ltr'>α</span> <span class='ocrx_word' id='word_1_189' title='bbox 1220 3555 1380 3614; x_wconf 89' lang='lat' dir='ltr'>tres</span> <span class='ocrx_word' id='word_1_190' title='bbox 1423 3530 1863 3612; x_wconf 82' lang='lat' dir='ltr'>cardinales</span> <span class='ocrx_word' id='word_1_191' title='bbox 1910 3530 2355 3609; x_wconf 86' lang='lat' dir='ltr'>transmisit</span> <span class='ocrx_word' id='word_1_192' title='bbox 2380 3591 2399 3628; x_wconf 97' lang='lat'>,</span> <span class='ocrx_word' id='word_1_193' title='bbox 2443 3532 2582 3639; x_wconf 87' lang='lat' dir='ltr'>qui</span> <span class='ocrx_word' id='word_1_194' title='bbox 2623 3526 2935 3607; x_wconf 87' lang='lat' dir='ltr'>Palacio</span> <span class='ocrx_word' id='word_1_195' title='bbox 2981 3527 3227 3637; x_wconf 87' lang='lat' dir='ltr'>regali</span> <span class='ocrx_word' id='word_1_196' title='bbox 3273 3546 3352 3607; x_wconf 93' lang='lat' dir='ltr'>et</span> <span class='ocrx_word' id='word_1_197' title='bbox 3393 3527 3621 3626; x_wconf 89' lang='lat' dir='ltr'>alibi,</span> <span class='ocrx_word' id='word_1_198' title='bbox 3665 3555 3935 3607; x_wconf 90' lang='lat' dir='ltr'>coram</span> 
     </span>
     <span class='ocr_line' id='line_1_21' title="bbox 1142 3667 3933 3780; baseline -0 -36"><span class='ocrx_word' id='word_1_199' title='bbox 1142 3709 1177 3744; x_wconf 63' lang='grc' dir='ltr'>ι(</span> <span class='ocrx_word' id='word_1_200' title='bbox 1216 3673 1581 3780; x_wconf 74' lang='lat' dir='ltr'>prelatiS,</span> <span class='ocrx_word' id='word_1_201' title='bbox 1616 3668 2005 3749; x_wconf 85' lang='lat' dir='ltr'>militibus</span> <span class='ocrx_word' id='word_1_202' title='bbox 2032 3696 2355 3780; x_wconf 89' lang='lat' dir='ltr'>quoque</span> <span class='ocrx_word' id='word_1_203' title='bbox 2386 3696 2475 3747; x_wconf 87' lang='lat' dir='ltr'>ac</span> <span class='ocrx_word' id='word_1_204' title='bbox 2506 3667 3062 3774; x_wconf 81' lang='lat' dir='ltr'>Universitatis</span> <span class='ocrx_word' id='word_1_205' title='bbox 3096 3668 3558 3747; x_wconf 89' lang='lat' dir='ltr'>Parisiensis</span> <span class='ocrx_word' id='word_1_206' title='bbox 3593 3668 3933 3744; x_wconf 89' lang='lat' dir='ltr'>circum-</span> 
     </span>
     <span class='ocr_line' id='line_1_22' title="bbox 1143 3802 3940 3917; baseline -0.004 -29"><span class='ocrx_word' id='word_1_207' title='bbox 1143 3845 1177 3880; x_wconf 83' lang='lat'>«</span> <span class='ocrx_word' id='word_1_208' title='bbox 1214 3810 1724 3917; x_wconf 87' lang='lat' dir='ltr'>spectissimis</span> <span class='ocrx_word' id='word_1_209' title='bbox 1747 3810 1965 3903; x_wconf 75' lang='lat' dir='ltr'>viria,</span> <span class='ocrx_word' id='word_1_210' title='bbox 1984 3807 2451 3890; x_wconf 87' lang='lat' dir='ltr'>electionem</span> <span class='ocrx_word' id='word_1_211' title='bbox 2473 3807 2790 3898; x_wconf 86' lang='lat' dir='ltr'>Urbani</span> <span class='ocrx_word' id='word_1_212' title='bbox 2821 3833 2970 3885; x_wconf 86' lang='lat' dir='ltr'>nec</span> <span class='ocrx_word' id='word_1_213' title='bbox 2996 3807 3294 3915; x_wconf 86' lang='lat' dir='ltr'>justam</span> <span class='ocrx_word' id='word_1_214' title='bbox 3329 3802 3940 3909; x_wconf 82' lang='lat' dir='ltr'>nec-legitimam</span> 
     </span>
     <span class='ocr_line' id='line_1_23' title="bbox 1142 3942 3940 4053; baseline -0.004 -27"><span class='ocrx_word' id='word_1_215' title='bbox 1142 3983 1176 4018; x_wconf 79' lang='lat' dir='ltr'>c&lt;</span> <span class='ocrx_word' id='word_1_216' title='bbox 1217 3943 1804 4042; x_wconf 88' lang='lat' dir='ltr'>recensendam,</span> <span class='ocrx_word' id='word_1_217' title='bbox 1837 3942 1977 4025; x_wconf 92' lang='lat' dir='ltr'>sed</span> <span class='ocrx_word' id='word_1_218' title='bbox 2011 3973 2155 4053; x_wconf 89' lang='lat' dir='ltr'>per</span> <span class='ocrx_word' id='word_1_219' title='bbox 2180 3946 2736 4025; x_wconf 81' lang='lat' dir='ltr'>Romanorum</span> <span class='ocrx_word' id='word_1_220' title='bbox 2756 3943 3050 4023; x_wconf 80' lang='lat' dir='ltr'>factam</span> <span class='ocrx_word' id='word_1_221' title='bbox 3082 3942 3687 4051; x_wconf 82' lang='lat' dir='ltr'>oppressionem</span> <span class='ocrx_word' id='word_1_222' title='bbox 3717 3956 3940 4017; x_wconf 85' lang='lat' dir='ltr'>retu-</span> 
     </span>
     <span class='ocr_line' id='line_1_24' title="bbox 1042 4074 3939 4193; baseline -0.003 -35"><span class='ocrx_word' id='word_1_223' title='bbox 1042 4177 1049 4184; x_wconf 22' lang='lat'><em>=</em></span> <span class='ocrx_word' id='word_1_224' title='bbox 1141 4119 1177 4157; x_wconf 73' lang='lat' dir='ltr'>c&lt;</span> <span class='ocrx_word' id='word_1_225' title='bbox 1214 4084 1518 4178; x_wconf 90' lang='lat' dir='ltr'>lerunt,</span> <span class='ocrx_word' id='word_1_226' title='bbox 1563 4077 2089 4192; x_wconf 84' lang='lat' dir='ltr'>jurejurando</span> <span class='ocrx_word' id='word_1_227' title='bbox 2132 4080 2624 4160; x_wconf 82' lang='lat' dir='ltr'>affirmantes</span> <span class='ocrx_word' id='word_1_228' title='bbox 2670 4077 2895 4193; x_wconf 91' lang='lat' dir='ltr'>quod</span> <span class='ocrx_word' id='word_1_229' title='bbox 2946 4074 3345 4191; x_wconf 80' lang='lat' dir='ltr'>quidquid</span> <span class='ocrx_word' id='word_1_230' title='bbox 3377 4092 3735 4183; x_wconf 82' lang='lat' dir='ltr'>egerant,</span> <span class='ocrx_word' id='word_1_231' title='bbox 3787 4074 3939 4151; x_wconf 91' lang='lat' dir='ltr'>hoc</span> 
     </span>
     <span class='ocr_line' id='line_1_25' title="bbox 1142 4211 3939 4327; baseline -0.002 -33"><span class='ocrx_word' id='word_1_232' title='bbox 1142 4256 1178 4294; x_wconf 86' lang='lat'>«</span> <span class='ocrx_word' id='word_1_233' title='bbox 1220 4240 1478 4300; x_wconf 88' lang='lat' dir='ltr'>totum</span> <span class='ocrx_word' id='word_1_234' title='bbox 1505 4217 1765 4299; x_wconf 73' lang='lat' dir='ltr'>fuerat</span> <span class='ocrx_word' id='word_1_235' title='bbox 1791 4213 2345 4327; x_wconf 73' lang='lat' dir='ltr'>metu&#39;mortis.</span> <span class='ocrx_word' id='word_1_236' title='bbox 2380 4217 3110 4320; x_wconf 87' lang='lat' dir='ltr'>Circumstantibus</span> <span class='ocrx_word' id='word_1_237' title='bbox 3141 4211 3613 4292; x_wconf 86' lang='lat' dir='ltr'>satisfecisse</span> <span class='ocrx_word' id='word_1_238' title='bbox 3640 4213 3939 4320; x_wconf 89' lang='lat' dir='ltr'>potuis-</span> 
     </span>
     <span class='ocr_line' id='line_1_26' title="bbox 1141 4348 3935 4454; baseline -0.004 -17"><span class='ocrx_word' id='word_1_239' title='bbox 1141 4394 1176 4432; x_wconf 81' lang='grc' dir='ltr'>(ε</span> <span class='ocrx_word' id='word_1_240' title='bbox 1216 4377 1429 4454; x_wconf 83' lang='lat' dir='ltr'>sent3</span> <span class='ocrx_word' id='word_1_241' title='bbox 1464 4356 1602 4437; x_wconf 93' lang='lat' dir='ltr'>sed</span> <span class='ocrx_word' id='word_1_242' title='bbox 1637 4354 2012 4436; x_wconf 90' lang='lat' dir='ltr'>dominus</span> <span class='ocrx_word' id='word_1_243' title='bbox 2050 4354 2297 4435; x_wconf 84' lang='lat' dir='ltr'>frater</span> <span class='ocrx_word' id='word_1_244' title='bbox 2333 4375 2640 4452; x_wconf 89' lang='lat' dir='ltr'>noster,</span> <span class='ocrx_word' id='word_1_245' title='bbox 2685 4372 2777 4433; x_wconf 92' lang='lat' dir='ltr'>ut</span> <span class='ocrx_word' id='word_1_246' title='bbox 2814 4371 2985 4431; x_wconf 88' lang='lat' dir='ltr'>erat</span> <span class='ocrx_word' id='word_1_247' title='bbox 3027 4351 3233 4429; x_wconf 90' lang='lat' dir='ltr'>fame</span> <span class='ocrx_word' id='word_1_248' title='bbox 3277 4348 3935 4444; x_wconf 82' lang='lat' dir='ltr'>studiosissimUS,</span> 
     </span>
    </p>
   </div>
   <div class='ocr_carea' id='block_1_3' title="bbox 1208 4611 3197 4774">
    <p class='ocr_par' dir='ltr' id='par_1_3' title="bbox 1208 4611 3197 4774">
     <span class='ocr_line' id='line_1_27' title="bbox 1212 4611 2416 4689; baseline -0.003 -20"><span class='ocrx_word' id='word_1_249' title='bbox 1212 4624 1224 4645; x_wconf 89' lang='lat'>¹</span> <span class='ocrx_word' id='word_1_250' title='bbox 1262 4617 1399 4670; x_wconf 83' lang='lat' dir='ltr'>Var.</span> <span class='ocrx_word' id='word_1_251' title='bbox 1437 4643 1449 4669; x_wconf 91' lang='lat'>.·</span> <span class='ocrx_word' id='word_1_252' title='bbox 1481 4633 1543 4669; x_wconf 85' lang='lat' dir='ltr'>n0</span> <span class='ocrx_word' id='word_1_253' title='bbox 1568 4613 1741 4689; x_wconf 84' lang='lat'>5960,</span> <span class='ocrx_word' id='word_1_254' title='bbox 1772 4613 1863 4668; x_wconf 85' lang='lat' dir='ltr'>fol.</span> <span class='ocrx_word' id='word_1_255' title='bbox 1899 4611 1970 4668; x_wconf 82' lang='lat'>56</span> <span class='ocrx_word' id='word_1_256' title='bbox 1996 4632 2069 4680; x_wconf 88' lang='lat' dir='ltr'>r.,</span> <span class='ocrx_word' id='word_1_257' title='bbox 2100 4613 2416 4668; x_wconf 80' lang='lat' dir='ltr'>declinans.</span> 
     </span>
     <span class='ocr_line' id='line_1_28' title="bbox 1208 4691 3197 4774; baseline -0.006 -17"><span class='ocrx_word' id='word_1_258' title='bbox 1208 4710 1223 4730; x_wconf 76' lang='lat'>&#39;⁴</span> <span class='ocrx_word' id='word_1_259' title='bbox 1268 4702 1423 4766; x_wconf 79' lang='lat' dir='ltr'>Non,</span> <span class='ocrx_word' id='word_1_260' title='bbox 1450 4702 1747 4774; x_wconf 78' lang='lat' dir='ltr'>emprunte</span> <span class='ocrx_word' id='word_1_261' title='bbox 1765 4717 1837 4752; x_wconf 88' lang='lat' dir='ltr'>au</span> <span class='ocrx_word' id='word_1_262' title='bbox 1858 4711 1918 4752; x_wconf 80' lang='lat'>11⁰</span> <span class='ocrx_word' id='word_1_263' title='bbox 1932 4696 2100 4772; x_wconf 86' lang='lat'>5960,</span> <span class='ocrx_word' id='word_1_264' title='bbox 2124 4698 2216 4753; x_wconf 82' lang='lat' dir='ltr'>fol.</span> <span class='ocrx_word' id='word_1_265' title='bbox 2238 4695 2309 4753; x_wconf 82' lang='lat'>36</span> <span class='ocrx_word' id='word_1_266' title='bbox 2329 4718 2376 4752; x_wconf 87' lang='lat' dir='ltr'>r.</span> <span class='ocrx_word' id='word_1_267' title='bbox 2394 4742 2405 4764; x_wconf 82' lang='lat'>,</span> <span class='ocrx_word' id='word_1_268' title='bbox 2443 4715 2679 4770; x_wconf 85' lang='lat' dir='ltr'>manque</span> <span class='ocrx_word' id='word_1_269' title='bbox 2707 4696 2843 4750; x_wconf 80' lang='lat' dir='ltr'>dans</span> <span class='ocrx_word' id='word_1_270' title='bbox 2868 4695 2918 4749; x_wconf 90' lang='lat' dir='ltr'>le</span> <span class='ocrx_word' id='word_1_271' title='bbox 2944 4704 3007 4752; x_wconf 57' lang='grc' dir='ltr'>οῦ</span> <span class='ocrx_word' id='word_1_272' title='bbox 3035 4691 3197 4766; x_wconf 84' lang='grc'><strong>5958.</strong></span> 
     </span>
    </p>
   </div>
  </div>
 </body>
</html>
