4666 6014
1135 647 1232 717 42
1643 630 2324 709 CHRONICORUM
2376 628 2730 713 KAROLI
2767 629 3066 704 SEXTI
3115 632 3292 704 LIB.
3347 632 3406 704 1.

1137 818 1306 872 cem
1360 786 1757 868 asserebat
1815 782 2113 875 directe
2166 799 2586 890 pactorum
2641 780 2895 889 legem
2954 784 3373 863 excessisse
3392 844 3412 883 ,
3461 810 3617 894 que
3671 782 3928 861 solum

1140 928 1474 1026 mobile,
1512 926 1763 1034 gazis,
1797 922 2186 1003 vestiariis
2219 949 2308 999 ac
2339 920 2884 1029 penetralibus
2915 919 3216 1003 domus·
3233 924 3448 1030 regie
3491 936 3931 1030 repertum,

1140 1054 1295 1147 sibi
1366 1058 1975 1173 percipiendum
2039 1058 2580 1167 permittebat.
2650 1056 2950 1139 Iterum
2974 1122 2992 1157 ,
3057 1061 3442 1175 quoniam
3512 1061 3931 1170 imprecia-

1141 1204 1285 1283 bili
1317 1198 1734 1281 affluencia
1766 1193 2336 1277 habundarent
2378 1196 2463 1274 in
2498 1224 2695 1275 auro
2721 1258 2740 1294 ,
2777 1198 3108 1304 gemmis
3131 1260 3149 1295 ,
3192 1198 3596 1278 olosericis
3627 1218 3706 1278 et
3733 1201 3938 1280 vasis

1144 1338 1565 1449 preciosiS,
1621 1336 2038 1415 hominum
2087 1334 2686 1447 estimacionem
2727 1350 2887 1412 tam
2949 1337 3217 1443 operis
3256 1335 3656 1445 elegancia
3702 1364 3941 1448 quam

1145 1478 1541 1588 dignitate
1572 1477 1901 1555 materie
1934 1476 2256 1584 penitus
2287 1470 2855 1554 excedentibus
2873 1534 2894 1571 ‚
2940 1475 3205 1584 sepius
3242 1493 3607 1581 repetens
3637 1477 3726 1556 in
3751 1503 3944 1555 con-

1090 1632 1097 1645 ·
1148 1617 1469 1696 sistorio
1524 1615 1985 1723 principum
2034 1613 2607 1693 instantissime
2655 1610 3039 1720 poscebat
3096 1629 3190 1690 ut
3224 1640 3323 1691 ex
3362 1614 3556 1720 ipsis
3596 1616 3807 1720 regi,
3856 1631 3949 1693 ut

1144 1754 1671 1861 promiserat,
1717 1749 2179 1860 provideret
2219 1767 2311 1829 ut
2343 1747 2677 1828 decebat
2713 1750 3011 1855 regiam
3043 1749 3575 1858 majestatem3
3614 1767 3726 1847 et,
3762 1751 3951 1861 quia

1154 1889 1624 2002 aliquandiu
1674 1887 1889 1969 istud
1933 1886 2190 1968 facere
2242 1891 2675 1986 recusavit,
2737 1888 2945 1995 ignis
2997 1890 3591 1985 contencioniS,
3646 1891 3788 2000 qui
3839 1889 3952 1968 la-

1156 2046 1422 2106 tuerat
1471 2030 1557 2107 in
1599 2025 2264 2107 dissimulacionis
2305 2025 2610 2121 favilla,
2662 2020 3126 2103 incendium
3172 2025 3694 2134 periculosius
3743 2026 3955 2132 cepit

1159 2167 1635 2244 ministrare.
1684 2165 1891 2244 Nam
1945 2162 2133 2243 inde
2187 2181 2552 2241 mutuum
2605 2161 2916 2259 odium,
2981 2165 3519 2271 oppinionum
3575 2165 3909 2243 varietas
3936 2227 3954 2261 ,

1157 2302 1713 2381 simulaciones
1780 2303 1997 2410 pacis
2054 2314 2571 2380 emerserunt.
2636 2298 2930 2407 Jurgiis
2989 2301 3255 2408 sepius
3314 2328 3550 2411 quam
3609 2300 3958 2380 consiliis

1162 2456 1436 2519 terunt
1488 2455 1843 2547 tempus3
1905 2436 2253 2548 indeque
2314 2434 2417 2515 ad
2483 2437 2911 2546 injuriosas
2966 2455 3046 2516 et
3106 2455 3418 2516 mutuas
3461 2435 3961 2517 diffidencias

1164 2576 1767 2684 processissent,
1811 2575 1966 2652 nisi
2021 2573 2367 2653 barones
2413 2591 2494 2652 et
2548 2573 2941 2653 antistites
2996 2593 3403 2683 presentes
3452 2572 3556 2653 ad
3602 2593 3958 2655 mutuam

1167 2712 1785 2799 consonanciam
1838 2712 2257 2819 negocium
2285 2708 2815 2793 reduxissent.
2861 2712 3167 2819 Nempe
3205 2740 3421 2790 nunc
3460 2713 3955 2812 racionibuS,

1172 2876 1391 2927 nunc
1433 2828 1821 2956 exemplis
1871 2848 2377 2944 astruebant,
2437 2874 2574 2926 eos
2637 2875 2808 2926 non
2873 2865 3249 2957 oportere
3303 2851 3632 2956 privatis
3680 2851 3967 2959 jurgiis

1176 2981 1597 3083 dissidere,
1634 2986 1774 3096 qui
1826 2984 2146 3094 publice
2198 3011 2504 3065 summa
2550 2986 2811 3095 juncti
2856 3003 3117 3066 essent
3153 3004 3568 3095 potestate.

1290 3122 1577 3238 Sicque
1616 3122 1942 3203 tandem
1984 3124 2069 3202 in
2107 3151 2384 3202 eorum
2425 3124 2913 3203 sentenciam
2953 3141 3494 3222 transeunteS,
3540 3151 3643 3203 ne
3674 3122 3972 3204 discor-

1179 3257 1311 3337 dia
1369 3278 1587 3338 mota
1651 3262 1734 3338 in
1799 3261 2009 3367 vulgi
2088 3257 2548 3339 scandalum
2611 3277 3054 3341 verteretur
3078 3323 3100 3359 ,
3164 3260 3501 3369 dignum
3570 3259 3975 3341 duxerunt

1181 3396 1501 3508 publice
1570 3394 2247 3506 promulgandum
2307 3395 2528 3512 quod
2552 3459 2573 3496 ,
2650 3395 3045 3509 quidquid
3111 3416 3296 3477 ante
3358 3401 3978 3479 coronacionem

1178 3534 1694 3642 pepigerant,
1730 3562 1947 3615 nunc
2003 3551 2447 3614 statuerant
2505 3535 3071 3615 inviolabiliter
3115 3537 3538 3645 complere.
3596 3537 3978 3646 Magistro

1182 3668 1538 3748 ,Iohanni
1589 3667 1689 3747 de
1733 3669 2114 3767 Maresiis,
2156 3669 2541 3750 advocato
2587 3671 2795 3778 regis
2817 3733 2838 3768 ,
2880 3674 3385 3780 propositum
3439 3672 3570 3753 die
3617 3675 3980 3785 sequenti

1188 3807 1779 3888 commiserunt.
1848 3806 1994 3885 Cui
2064 3808 2424 3916 quamvis
2491 3804 2952 3914 perorando
3026 3836 3191 3888 non
3253 3807 3597 3888 defuerit
3656 3809 3983 3889 tulliana

1186 3942 1596 4041 facundia,
1640 3943 1829 4024 inde
1880 3962 2149 4024 tamen
2203 3946 2359 4025 sibi
2416 3945 2750 4025 multum
2800 3945 2967 4026 odii
3028 3975 3118 4026 ac
3169 3946 3470 4027 invidie
3524 3948 3982 4058 acquisivit3

1188 4107 1373 4160 nam
1420 4080 1699 4162 ducem
1735 4100 2138 4192 regentem
2181 4084 2507 4163 summis
2555 4081 2923 4163 laudibus
2964 4084 3338 4164 attollens
3371 4148 3389 4183 ,
3438 4103 3638 4196 quot
3673 4084 3987 4164 labores

1191 4219 1665 4326 pertulerat,
1724 4238 2115 4332 quantum
2158 4245 2255 4299 ex
2311 4222 2649 4331 proprio
2704 4239 3180 4328 exposuerat
3222 4239 3557 4331 propter
3615 4249 3943 4331 regnum
3966 4285 3984 4319 ‚

1193 4356 1624 4436 serietenus
1684 4357 2042 4437 recitavit
2065 4420 2085 4454 ,
2153 4375 2596 4437 ceterorum
2670 4356 2961 4438 ducum
3029 4375 3249 4438 actus
3321 4356 3986 4440 commendabiles

1194 4491 1635 4577 reticendo.
