4666 6014
1041 613 1186 718 '332
1540 638 2226 716 CHRONICORUM
2276 637 2635 716 KARou
2685 637 2972 714 sEx‘n
3020 640 3197 716 Lm.
3253 639 3346 717 v,
3474 599 3475 602 ‘

1040 817 1368 871 munem
1403 789 1782 871 obtinere
1832 819 2003 871 non
2049 790 2424 874 valebant
2449 853 2469 891 ‚
2522 819 2671 871 nec
2714 790 2873 892 sibi
2918 818 3121 900 equa
3169 817 3540 871 mensura
3592 816 3855 871 neces-

1042 929 1251 1008 saria
1295 924 1854 1012 vendebantur
1873 993 1892 1030 ‚
1952 957 2100 1040 per
2162 929 2552 1012 suburbia
2611 928 2921 1037 pugiles
2980 919 3516 1008 discurrentes
3575 916 3854 1037 greges

1045 1083 1126 1144 et
1186 1050 1549 1167 armenta
1613 1067 1973 1182 undique
2030 1068 2512 1170 contrahere
2550 1041 3048 1177 'inceperunt
3081 1127 3101 1165 ‚
3162 1082 3255 1150 ut
3304 1093 3585 1146 eorum
3644 1063 3854 1147 indi-

1046 1202 1410 1310 genciam
1459 1205 1955 1315 supplerent.
2025 1204 2264 1287 Unde
2325 1205 2529 1286 moti
2591 1203 3043 1315 adjacentes
3102 1201 3382 1310 populi
3418 1263 3436 1298 ‚
3510 1204 3853 1283 evocatis

1042 1339 1457 1419 nobilibus
1491 1400 1510 1438 ,
1574 1344 1661 1419 in
1712 1361 1848 1422 eos
1901 1343 2515 1423 insurrexerunt
2549 1371 2567 1442 ;
2616 1337 2755 1422 sed
2795 1337 3123 1420 tandem
3165 1335 3377 1420 bello
3416 1339 3629 1420 inito
3664 1339 3855 1420 victi

1040 1475 1675 1558 subcubuerunt.
2169 1457 2176 1464 ’

1157 1616 1276 1694 De
1314 1615 1651 1695 victoria
1708 1616 2037 1697 obtenta
2084 1647 2253 1699 non
2311 1620 2485 1700 sine
2542 1633 2807 1729 strage
2853 1620 3351 1716 Francorum
3396 1647 3541 1701 rex
3578 1616 3854 1701 Ludo-

1042 1753 1265 1832 vicus
1307 1750 1852 1834 adversarium
1891 1755 2172 1848 statuit
2215 1754 2554 1837 reddere
2595 1759 3068 1860 cerciorem,
3112 1777 3193 1839 et
3222 1754 3647 1871 quemdam
3677 1779 3857 1868 pre-

1042 1915 1325 1970 conem
1387 1919 1799 1972 armorum
1844 1894 2109 1993 misit3
2171 1895 2310 2005 qui
2374 1923 2557 1975 cum
2575 1955 2596 1994 ,
2648 1913 2743 1976 ut
2797 1915 3211 2006 acceperat
3269 1898 3357 1977 in
3408 1892 3811 1978 mandatis
3833 1957 3852 1994 ‚

1041 2032 1210 2110 vias
1268 2043 1349 2111 et
1406 2029 1699 2112 itinera
1755 2032 2112 2142 regionis
2140 2096 2159 2133 ‚
2228 2051 2310 2114 et
2369 2051 2845 2144 apparatum
2908 2037 3265 2118 hostium
3314 2022 3806 2147 explorasset
3834 2099 3853 2136 ‚

1043 2165 1425 2249 accedens
1478 2166 1581 2249 ad
1633 2173 2128 2279 presenciam
2166 2173 2560 2281 principis
2597 2171 2815 2282 apud
2854 2172 3179 2273 Bellete,
3222 2176 3489 2283 ipsum
3525 2174 3614 2254 in
3645 2174 3855 2255 hanc

1042 2308 1527 2388 sentenciam
1567 2308 2011 2422 alloqutum
2053 2312 2464 2421 comperio
2501 2342 2518 2391 ε
2569 2346 2608 2388 (ε
2638 2310 3108 2393 Temeritati
3129 2376 3148 2413 ‚
3203 2314 3509 2425 inquit,
3557 2331 3813 2395 vestre
3834 2377 3852 2412 ‚

1045 2477 1083 2518 ec
1117 2447 1493 2556 princeps
1510 2509 1530 2547 ,
1555 2465 1845 2556 potens
1868 2444 2248 2530 dominus
2265 2439 2491 2531 meus
2505 2447 2965 2533 Ludovicus
2981 2513 3001 2549 ,
3030 2450 3361 2532 illustris
3377 2480 3518 2532 rex
3545 2450 3812 2531 Sicilie
3828 2514 3847 2550 ‚

1046 2617 1085 2657 «
1117 2584 1446 2666 ascribit
1485 2584 1706 2698 quod
1740 2606 2148 2697 sceptrum
2177 2591 2488 2699 regium
2507 2652 2527 2690 ‚
2555 2591 2737 2702 jure
2767 2590 2922 2671 sibi
2954 2590 3428 2701 adopcionis
3462 2588 3852 2694 debitum,

1048 2755 1086 2795 <c
1119 2724 1479 2803 nitimini
1525 2725 2048 2835 injustissime
2095 2728 2510 2836 usurpare.
2565 2728 3086 2840 Quapropter
3137 2746 3425 2809 notum
3467 2729 3697 2811 vobis
3748 2730 3856 2808 sit

1049 2894 1085 2934 <c
1118 2859 1487 2942 eumdem
1516 2862 1951 2944 accelerare
1971 2893 2153 2944 cum
2176 2865 2492 2975 potenti
2517 2893 2773 2948 cuneo
2804 2885 3297 2948 armatorum
3319 2896 3339 2967 ;
3362 2884 3444 2947 et
3465 2893 3605 2949 vos
3622 2882 3855 2975 rogat

1048 3034 1085 3074 <c
1117 3017 1209 3079 ut
1237 3017 1552 3108 tempus
1581 3019 1661 3082 et
1692 2998 1956 3084 locum
1986 3021 2173 3114 apta
2205 3022 2481 3085 mutue
2511 3005 3060 3114 congressioni
3095 3004 3404 3115 eligatis
3425 3066 3445 3104 ‚
3475 3022 3567 3084 ut
3590 3023 3856 3088 aucto-

1048 3171 1085 3210 «
1118 3139 1316 3219 ritas
1367 3168 1550 3220 cum
1601 3141 2157 3252 triumphante
2211 3160 2569 3245 maneat,
2620 3160 2703 3224 et
2752 3141 2953 3256 quid
3003 3144 3233 3225 vobis
3284 3171 3511 3224 mens
3551 3145 3853 3254 sugerit

1048 3310 1084 3349 (ε
1116 3275 1420 3385 placeat
1458 3278 1951 3361 remandare.
1984 3316 2024 3356 2»
3222 3380 3227 3387 .
3264 3348 3269 3353 .

1162 3415 1548 3516 Quamvis
1577 3446 1976 3531 nusquam
2002 3417 2305 3529 legacio
2332 3436 2558 3529 grata
2586 3420 2802 3511 foret
2820 3484 2839 3521 ,
2873 3420 2976 3501 ad
3003 3422 3150 3503 hec
3174 3438 3443 3505 tamen
3474 3423 3852 3531 princeps

918 3592 930 3601 ·
1044 3555 1323 3633 mirari
1341 3582 1425 3634 se
1448 3553 1871 3665 respondit
1889 3557 2387 3637 Francorum
2411 3557 3123 3640 insolentissimum
3150 3577 3647 3668 apparatum,
3674 3542 3851 3672 cum

1047 3692 1159 3769 eis
1191 3691 1304 3769 nil
1339 3720 1520 3773 cum
1556 3694 1984 3803 Cisalpinis
2022 3723 2445 3775 commune
2489 3723 2638 3777 nec
2672 3693 2827 3775 sibi
2870 3725 3053 3776 cum
3083 3695 3285 3777 duce
3328 3714 3554 3776 esset.
3592 3694 3850 3795 Addi-

1048 3826 1170 3908 dit
1206 3861 1222 3908 :
1259 3864 1299 3905 <c
1332 3830 1434 3910 Et
1464 3833 1574 3931 si,
1610 3834 1912 3945 inquit,
1941 3835 2071 3945 jus
2101 3833 2259 3913 sibi
2289 3831 2763 3943 adopcionis
2797 3835 3162 3934 ascribit,
3196 3835 3395 3914 sciat
3423 3835 3509 3914 in
3543 3863 3853 3945 posses-

1053 4002 1088 4039 «
1122 3968 1349 4049 sione
1379 3998 1818 4077 regnorum
1832 3972 1963 4082 jus
1986 3972 2507 4052 successionis
2535 3972 2963 4083 prevalere.
2983 3968 3331 4053 Rediens
3349 3974 3626 4083 igitur,
3653 3975 3850 4056 sciat

1053 4139 1090 4176 <c
1121 4132 1294 4184 rem
1318 4136 1415 4186 eo
1445 4125 1657 4189 statu
1680 4138 1847 4189 non
1866 4138 2059 4211 esse,
2089 4107 2311 4222 quod
2332 4128 2606 4192 tenear
2630 4112 2801 4222 ejus
2827 4112 3167 4192 arbitrio
3195 4111 3504 4224 aliquid
3530 4113 3844 4223 eligere.

1052 4276 1089 4317 c<
1125 4242 1282 4324 Sed
1305 4308 1323 4345 ,
1366 4244 1561 4328 dum
1592 4267 1906 4358 tempus
1946 4247 2240 4351 aderit,
2281 4250 2386 4333 ad
2412 4251 2573 4331 vim
2603 4249 3108 4331 inferendam
3137 4271 3277 4332 aut
3310 4251 3850 4363 repellendam

1051 4406 1088 4457 <c
1118 4412 1248 4464 me
1280 4412 1446 4464 non
1480 4388 1825 4495 reperiet
1855 4389 2364 4499 imparatum.
2402 4366 2453 4463 22*
2482 4386 2613 4469 Ad
2656 4388 2810 4471 hoc
2843 4390 3051 4470 vires
3088 4389 3244 4471 sibi
3279 4392 3565 4499 procul
3596 4389 3850 4472 dubio

1048 4524 1628 4633 suppetebant3
1689 4526 1829 4609 sed
1854 4591 1874 4629 ‚
1911 4529 2413 4611 Ytalicorum
2456 4559 2684 4611 more
2711 4591 2731 4629 ‚
2794 4532 3094 4611 astucia
3152 4512 3489 4643 sperans
3536 4532 3850 4613 hostem

1050 4659 1575 4762 confundere,
1609 4678 1922 4777 tempus
1952 4670 2182 4775 vanis
2201 4666 2746 4778 legacionibus
2780 4686 3036 4750 terere
3062 4672 3365 4769 statuit,
3399 4671 3850 4780 precipiens
3958 4759 3987 4773 κ

1051 4813 1141 4876 ut
1195 4797 1540 4901 subditi,
1594 4802 2039 4885 suburbani
2088 4822 2329 4917 atque
2370 4820 2720 4914 agrestes
2767 4806 2985 4888 acole
3009 4870 3027 4907 ,
3079 4806 3180 4888 ad
3241 4807 3414 4887 loca
3453 4823 3623 4887 tuta
3667 4834 3848 4887 cum
