4666 6014
1070 619 1211 690 450
1538 610 2226 689 CHRONIGORUM
2277 611 2635 687 KAROLI
2686 613 2972 693 SEX'n
3022 616 3200 691 Lm.
3255 616 3382 691 111.

1063 764 1448 866 Quamvis
1489 761 1898 842 nonnullis
1936 759 2223 843 mediis
2262 762 2418 843 hoc
2458 765 2767 845 racioni
2814 794 3261 848 consonum
3301 764 3681 850 dominus
3733 773 3874 851 Ar-

1061 900 1376 987 naudus
1421 899 1520 980 de
1568 899 1912 980 Corbeia
1932 961 1951 998 ‚
1997 901 2307 1009 primus
2361 908 2449 981 in
2492 902 2995 984 Parlamento
3046 903 3461 1011 presidens
3477 968 3496 1005 ‚
3554 935 3876 1015 persua-

1064 1039 1254 1121 dere
1276 1057 1770 1152 temptasset,
1797 1040 1955 1120 hoc
1982 1039 2246 1126 solum
2268 1059 2538 1122 tamen
2569 1070 2722 1152 pro
2753 1043 3279 1152 responsione
3303 1044 3614 1145 habuit,
3650 1046 3873 1159 quod

1065 1179 1407 1259 libenter
1468 1177 1571 1259 ad
1629 1180 1995 1260 concives
2036 1179 2432 1261 referrent
2486 1180 3030 1269 intencionem
3080 1183 3328 1291 regis,
3384 1211 3567 1265 cum
3609 1184 3724 1265 nil
3771 1185 3874 1268 ad

1064 1316 1280 1397 aliud
1313 1318 1532 1398 missi
1560 1333 1854 1415 essent,
1883 1315 1986 1397 ad
2020 1346 2264 1430 quam
2290 1336 2395 1420 et,
2427 1320 2496 1400 si
2528 1316 2912 1429 possibile
2937 1338 3178 1420 esset,
3202 1337 3505 1402 ceteros
3535 1323 3871 1405 inclina-

1063 1475 1267 1537 rent.

1179 1623 1309 1701 Sic
1338 1622 1600 1703 soluto
1630 1621 2133 1730 parlamento
2151 1686 2170 1722 ,
2206 1652 2304 1704 ex
2333 1624 2493 1705 hiis
2521 1627 2664 1737 qu'i
2693 1626 2999 1706 evocati
3026 1624 3351 1706 fuerant
3368 1624 3877 1727 ,successivis

1066 1762 1286 1841 feriis
1335 1760 1575 1872 hujus
1622 1761 1958 1861 mensis,
2005 1760 2339 1874 quidam
2370 1758 2656 1843 Meldis
2677 1825 2696 1861 ‚
2747 1760 3082 1875 quidam
3121 1760 3337 1872 apud
3373 1764 3877 1845 Pontisaram

1067 1897 1171 1979 ad
1217 1927 1485 2007 regem
1526 1917 1714 1980 vota
1759 1900 2271 2010 popularium
2314 1928 2469 2009 pro
2519 1901 3045 2010 responsione
3091 1899 3572 1999 attulerunt,
3628 1899 3876 1981 libere

1065 2054 1501 2119 asserentes
1521 2099 1540 2135 ‚
1574 2035 1795 2150 quod
1829 2068 2012 2120 cum
2052 2067 2360 2120 summa
2393 2037 2907 2147 displicencia
2946 2037 3171 2150 loqui
3203 2035 3304 2118 de
3334 2012 3718 2119 subsidiis
3737 2068 3878 2119 au·

1066 2158 1442 2275 diebant,
1504 2193 1584 2254 et
1645 2175 1867 2288 quod
1928 2178 2043 2257 nil
2098 2179 2189 2257 in
2239 2206 2382 2258 ore
2435 2178 2796 2278 omnium
2842 2175 3310 2258 versabatur
3367 2176 3523 2256 nisi
3580 2176 3796 2257 istud
3852 2209 3870 2256 :

1068 2349 1105 2389 «
1128 2315 1411 2394 Pocius
1441 2315 1650 2394 mori
1678 2331 2050 2424 optamus
2074 2345 2315 2425 quam
2344 2316 2731 2397 leventur.
2752 2350 2804 2401 »A
2823 2316 2927 2397 Et
2957 2316 3317 2429 quamvis
3346 2317 3487 2428 qui
3522 2313 3621 2396 de
3643 2316 3880 2397 Seno·-

1064 2456 1295 2533 nensi
1334 2452 1748 2562 provincia
1786 2453 2007 2534 missi
2063 2444 2333 2552 erant,
2378 2455 2992 2562 imposicionem
3027 2452 3392 2534 omnium
3433 2456 3716 2536 ‘rerum'
3743 2480 3876 2534 ve-

1066 2592 1365 2672 nalium
1398 2608 1593 2669 tunc
1634 2592 2178 2671 concesserint
2216 2592 2373 2699 ipsi
2405 2592 2615 2700 regi,
2660 2592 2868 2671 hanc
2899 2608 3168 2671 tamen
3208 2592 3434 2702 plebs
3471 2591 3876 2675 obstinata

1066 2730 1523 2837 denegavit,
1568 2757 1828 2842 neque
1866 2728 2123 2812 levare
2155 2747 2293 2811 aut
2331 2729 2710 2839 colligere
2748 2732 3135 2842 permisit.

2022 2998 2702 3080 CAPITULUM
2767 3001 2918 3082 VI.

1674 3236 2029 3298 Pertinacius
2058 3236 2227 3298 solito
2253 3236 2604 3298 parisienses
2639 3235 2893 3298 subsidia
2923 3248 3259 3300 renuerunt.

1188 3448 1408 3528 Dum
1434 3443 1586 3526 sub
1633 3443 1980 3525 obscuro
2031 3442 2360 3523 turbine
2398 3444 2513 3524 sic
2551 3446 2886 3552 negocia
2936 3421 3502 3542 tractarentur,
3532 3461 3614 3523 et
3640 3440 3875 3524 decu-

1071 3586 1343 3665 rionoe
1374 3580 1752 3663 nonnulli
1774 3584 1804 3627 ¹
1838 3579 2153 3662 vallidis
2180 3597 2262 3661 et
2282 3578 2628 3662 assiduis
2650 3579 3025 3691 precibus
3061 3579 3166 3663 ad
3204 3587 3436 3662 aures
3457 3582 3668 3691 regis
3697 3580 3874 3690 pul-

1074 3738 1345 3804 sarent
1361 3784 1379 3819 ‚
1419 3735 1513 3802 ut
1552 3719 1903 3802 offensas
1946 3720 2515 3802 Parisiensium
2556 3720 2843 3801 inolita
2877 3719 3377 3830 benignitate
3417 3720 3832 3799 remittens
3852 3779 3872 3816 ,

1073 3862 1188 3942 eis
1226 3858 1727 3970 presenciam
1754 3885 1982 3940 suam
2011 3857 2511 3968 pacificatam
2545 3857 2967 3940 exhiberet
2983 3921 3003 3958 ‚
3044 3855 3438 3971 quosdam
3474 3856 3694 3935 misit
3727 3856 3867 3967 qui

1074 3996 1434 4079 dicerent
1479 4023 1562 4078 se
1605 3995 1875 4078 villam
1925 4024 2095 4080 non
2148 3998 2733 4105 ingressurum,
2791 3998 2951 4077 nisi
2997 4024 3153 4109 que
3204 3993 3706 4076 articulatim·
3746 4020 3869 4074 se-

1075 4154 1427 4250 quentur
1479 4135 2074 4245 complerentur
2117 4165 2135 4216 ι
2190 4153 2271 4216 et
2312 4136 2582 4247 primo
2620 4134 2843 4249 quod
2887 4137 2973 4215 in
3007 4132 3357 4216 adventu
3383 4160 3532 4213 suo
3574 4148 3656 4212 et
3693 4160 3872 4214 suo·

976 4301 985 4307 ·
1077 4302 1259 4355 rum
1297 4302 1515 4354 arma
1555 4271 2049 4384 deponentes
2069 4336 2088 4374 ,
2123 4302 2403 4355 omnes
2431 4292 2668 4385 porte
2701 4275 3209 4383 aperirentur
3256 4273 3632 4371 civitatis;
3680 4299 3827 4351 nec
3846 4332 3866 4368 ‚

1077 4409 1462 4524 quamdiu
1509 4412 1626 4494 ihi
1672 4410 2059 4494 resideret
2080 4475 2099 4512 ,
2140 4413 2478 4495 cathene
2532 4411 2791 4493 ferree
2849 4410 2952 4493 de
3007 4428 3246 4493 nocte
3307 4405 3863 4506 tenderentur3

1076 4549 1383 4666 solique
1414 4577 1516 4632 ex
1542 4550 1733 4636 villa
1765 4548 2129 4650 oriundi,
2170 4552 2314 4664 qui
2354 4551 2882 4634 dominorum
2910 4549 3248 4668 Francie
3286 4551 3530 4632 curiis
3573 4541 3892 4629 s'ervie--

1076 4688 1276 4770 bant
1293 4752 1313 4790 ‚
1355 4690 1642 4770 armati
1683 4687 2178 4789 incederent3
2223 4707 2304 4769 et
2351 4692 2522 4802 ipse
2552 4691 2639 4772 in
2675 4688 2962 4780 bellico
2996 4697 3389 4802 apparatu
3435 4689 3693 4798 ipsam
3729 4687 3870 4766 in-

1154 4877 1172 4902 ¹
1216 4871 1356 4930 Var.
1383 4892 1404 4930 :
1428 4881 1492 4927 η’
1519 4870 1689 4948 5960,
1719 4871 1815 4928 fol.
1840 4876 1907 4944 4⁴2
1934 4890 2008 4942 v.,
2040 4871 2346 4930 nonnullis.
2485 4905 2498 4918 ·
3629 4819 3634 4824 ·
