4666 6014
1133 703 1177 770 6
1671 695 2356 769 CHRONICORUM
2406 694 2762 769 KAROLI
2812 692 3098 769 SEXTI
3147 693 3323 767 Lm.
3379 692 3438 766 1.

1132 848 1380 931 frater
1435 876 1716 927 eorum
1784 874 1927 952 rex
1976 847 2328 928 Karolus
2395 849 2826 928 novissime
2885 847 3091 928 lecto
3152 843 3634 954 egritudinis
3702 839 3937 921 decu-

1131 987 1407 1084 baret;
1473 986 1614 1096 qui
1686 1003 1953 1064 tamen
1981 1048 1999 1084 ‚
2064 1003 2394 1095 accepto
2451 987 2666 1066 tristi
2719 986 3020 1065 nuncio
3044 1047 3062 1083 ‚
3128 981 3348 1095 quod
3414 985 3499 1062 in
3561 981 3935 1060 extremis

1131 1124 1506 1204 laborans
1565 1125 1650 1203 in
1707 1125 1997 1232 exigua
2050 1152 2193 1231 spe
2244 1120 2619 1203 trahebat
2676 1124 3070 1220 animam,
3127 1120 3342 1200 velut
3395 1148 3442 1198 a
3494 1114 3936 1228 majoribus

1130 1263 1339 1342 curis
1374 1262 1748 1360 revocati,
1775 1279 1855 1340 et
1888 1290 2069 1341 cum
2090 1258 2646 1342 vicissitudine
2677 1290 2948 1344 rerum
2969 1276 3370 1338 mutantes
3399 1258 3935 1368 propositum,

1129 1399 1405 1479 relicta
1439 1400 1959 1511 Aequitania,
1996 1398 2348 1481 Parisius
2395 1398 2837 1481 redierunt.
2876 1398 3101 1479 Sicut
3142 1397 3241 1477 de
3283 1395 3527 1477 domo
3565 1396 3935 1492 Francie,

1128 1535 1606 1615 auctoritate
1626 1597 1644 1633 ‚
1682 1534 2077 1617 industria
2121 1555 2202 1617 et
2236 1537 2615 1619 facundia
2649 1539 2958 1618 cunctis
2991 1534 3335 1617 ducibus
3370 1533 3933 1644 precellebant,

1129 1674 1242 1752 sic
1298 1675 1410 1752 eis
1462 1670 1899 1753 studiosior
1941 1703 2132 1754 cura
2167 1675 2323 1755 suit
2377 1694 2468 1756 ut
2517 1677 2741 1784 regio
2788 1675 2958 1755 filio
3011 1677 3223 1754 inter
3279 1701 3534 1752 annos
3595 1670 3938 1781 puberes

1131 1813 1569 1890 constituto
1641 1809 1964 1918 vigilem
2020 1840 2291 1892 curam
2312 1875 2331 1911 ‚
2413 1831 2806 1924 quantum
2885 1810 3447 1907 conveniebat,
3522 1805 3937 1915 impende-

1128 1965 1345 2045 rent,
1385 1965 1625 2060 atque
1665 1950 1895 2057 regni
1940 1952 2272 2069 negocia
2327 1950 2646 2059 publica
2698 1949 3094 2030 industrie
3126 1957 3146 1993 ¹
3204 1943 3753 2031 moderamine
3808 1973 3934 2023 re-

1131 2103 1532 2194 gerentur.

1243 2552 1547 2630 Fratris
1586 2552 1834 2657 igitur
1878 2549 2151 2631 dilecti
2196 2553 2283 2630 in
2324 2552 2649 2632 ecclesia
2684 2554 2936 2633 sancti
2970 2554 3383 2661 Dyonisii,
3425 2552 3757 2631 Francie
3808 2576 3942 2659 pe-

1131 2687 1449 2768 culiaris
1478 2689 1845 2796 patroni,
1895 2690 2238 2797 peractis
2282 2690 2783 2771 funeralibus
2829 2686 3186 2803 exequiis
3216 2754 3235 2789 ,
3287 2691 3610 2802 quantis
3654 2686 3940 2768 studiis

1128 2824 1372 2905 funus
1426 2826 1674 2911 ullum
1731 2826 2273 2906 concelebrari
2341 2845 2661 2937 poterat
2687 2892 2705 2926 ,
2769 2827 2961 2909 dum
3017 2827 3281 2907 adhuc
3337 2826 3505 2909 dies
3561 2826 3941 2934 lugubres

1130 2962 1379 3043 luctui
1415 2992 1738 3077 quoque
1770 2964 2099 3075 publico
2126 2961 2537 3062 ducerent,
2566 2963 2989 3077 deputatos
3020 2966 3442 3063 antistiteS‚
3470 2960 3817 3044 barones
3848 2992 3937 3042 ac

1132 3085 1560 3180 eminentis
1600 3103 1940 3182 sciencie
1972 3105 2221 3202 viros,
2256 3133 2440 3183 cum
2474 3105 2770 3216 quibus
2811 3101 3059 3185 ardua
3091 3133 3403 3214 semper
3439 3100 3941 3212 disposuerat

1136 3239 1470 3346 negocia
1488 3302 1506 3334 ‚
1542 3233 1649 3320 ad
1662 3237 2062 3321 Palacium
2087 3260 2617 3322 evocaverunt
2650 3243 2945 3351 regale,
2974 3241 3398 3322 consilium
3426 3268 3666 3347 super
3700 3268 3941 3348 agen-

1130 3374 1254 3454 dis
1293 3373 1672 3487 deinceps
1704 3380 2135 3492 accepturi.
2174 3379 2381 3460 Cum
2409 3382 2524 3461 eis
2557 3383 2809 3461 eciam
2835 3382 2989 3462 viri
3025 3379 3567 3460 interfuerunt
3598 3381 3939 3458 circum-

1130 3515 1425 3621 spoeti,
1468 3532 1563 3595 ut
1590 3519 1937 3595 -cameris
1987 3518 2275 3626 regalis
2317 3517 2606 3599 Palacii
2647 3515 3171 3629 presidentes,
3222 3516 3379 3597 Sed
3420 3545 3664 3627 super
3701 3517 3943 3596 rebus

1129 3650 1467 3759 agendis
1527 3652 1907 3770 inchoato
1967 3654 2307 3738 consilio
2339 3719 2357 3753 ,
2415 3675 2506 3736 ut
2571 3659 2656 3737 in
2711 3659 2954 3738 rebus
3012 3655 3285 3736 arduis·
3340 3673 3419 3735 et
3489 3655 3942 3734 recentibus

1129 3788 1333 3868 solet
1364 3789 1724 3872 accidere
1748 3855 1767 3890 ,
1810 3792 2021 3873 facta
2067 3811 2188 3874 est
2216 3814 2590 3875 votorum
2644 3794 3150 3876 dissonancia
3192 3812 3270 3874 et
3313 3793 3942 3874 deliberancium

1124 3929 1362 4036 quasi
1410 3925 1895 4010 desiderium
1929 3931 2473 4040 bispartitum.
2517 3933 2593 4012 N
2597 3907 2731 4013 am·
2760 3932 2925 4014 dux
2955 3930 3416 4041 Andegavie
3445 3925 3937 4026 Ludovicu5‚

1126 4065 1409 4146 ceteris
1445 4065 1837 4148 fratribus
1889 4068 2148 4178 major
2181 4088 2418 4170 natu,
2473 4073 3202 4180 primogenitorum
3250 4068 3430 4179 jure
3479 4095 3569 4145 ac
3601 4065 3943 4144 auctori—

1128 4216 1327 4299 tate,
1380 4229 1521 4282 ore
1568 4202 1872 4284 diserto
1923 4207 2307 4305 recitans,
2337 4207 2796 4292 ‘secundum
2831 4236 3140 4287 morem
3188 4205 3561 4301 Francie,
3620 4230 3940 4282 omnem

1128 4331 1919 4424 administracionem
1959 4346 2187 4451 regni
2223 4372 2315 4424 ac
2356 4347 2688 4430 tutelam
2723 4344 3223 4425 dilectissimi
3257 4341 3578 4450 nepotis
3620 4340 3939 4420 instan-

1132 4476 1437 4556 tissime
1496 4478 1653 4558 sibi
1715 4481 2112 4560 committi
2166 4482 2549 4590 poscebat
2577 4544 2595 4580 ‚
2652 4481 2912 4564 donec
2978 4498 3270 4561 etatem
3325 4476 3936 4591 quatuordecim

1122 4637 1528 4694 annorum
1575 4619 1988 4724 attigisset.
2048 4616 2495 4729 Sequenter
2556 4617 2762 4721 dux,
2813 4617 3150 4700 domino
3203 4616 3570 4699 Johanni
3619 4611 3720 4693 de
3764 4611 3935 4693 Ma-

1206 4900 1219 4922 ¹
1270 4894 1406 4950 Voer.
1444 4917 1456 4943 .-
1484 4902 1548 4951 n⁰
1571 4893 1748 4971 5960,
1776 4893 1874 4952 fol.
1906 4915 1975 4972 29
2000 4915 2048 4952 r.
2074 4895 2369 4955 Industrio.
