4666 6014
1046 699 1190 773 408
1513 691 2197 767 CHRONICORUM
2246 688 2604 763 KAROLI
2654 686 2941 761 SEXTI
2991 687 3348 776 12113.‚V1.

1052 879 1088 917 «
1135 819 1503 924 ‘intulisse
1529 906 1548 943 ,
1583 843 1862 923 melius
1900 870 2026 921 me
2060 859 2329 921 tamen
2359 842 2589 920 novit
2618 837 3060 919 eminencia
3106 833 3430 946 regaliS,
3479 833 3701 949 quod
3750 837 3833 914 in

1049 1016 1088 1056 α
1146 981 1486 1062 urbibus
1509 998 1589 1061 et
1610 982 1921 1089 magnis
1942 978 2158 1058 homi
2168 984 2363 1059 num'
2388 977 2693 1058 cetibus
2719 1003 2894 1055 non
2913 1002 3190 1056 omnes
3215 976 3390 1083 pari
3413 971 3837 1084 splendent

1049 1150 1086 1191 <c
1146 1116 1586 1226 prudencia
1605 1181 1623 1216 ,
1655 1146 1803 1196 nec
1835 1119 2006 1225 pari
2040 1134 2229 1196 sunt
2253 1114 2550 1225 prediti
2582 1112 3049 1223 disciplina,
3075 1109 3215 1191 sed
3249 1111 3474 1190 aliter
3499 1130 3578 1191 et
3608 1111 3835 1191 aliter

1049 1292 1100 1360 (ε,
1146 1255 1453 1335 affectis
1499 1255 1831 1335 urbanis
1856 1318 1875 1354 ,
1926 1251 2617 1364 disparesmoreS,
2673 1249 3025 1360 disparia
3079 1266 3469 1361 sequntur
3526 1247 3790 1328 studia
3815 1310 3833 1344 ,

1048 1429 1086 1467 «
1145 1412 1236 1473 ut
1293 1394 1548 1502 juxta
1572 1390 1994 1502 prudentis
2045 1386 2383 1472 verbum
2438 1420 2454 1468 ι
2518 1390 2738 1497 Quot
2796 1388 3187 1491 homines,
3253 1402 3367 1466 tot
3422 1385 3829 1466 sentencie.

1045 1565 1082 1604 «
1143 1527 1567 1640 Quidquid
1625 1548 1892 1609 autem
1951 1547 2233 1624 contra
2290 1529 2597 1637 regiam
2663 1525 3156 1634 majestatem
3226 1541 3534 1633 gestum
3620 1523 3775 1604 fuit
3810 1585 3829 1621 ,
3900 1525 3931 1541 ‘

1044 1703 1080 1740 <c
1141 1667 1397 1776 plebis
1438 1665 1865 1747 indiscrete
1888 1668 2279 1774 processit
2304 1665 2566 1745 calore
2590 1663 3083 1763 inconsulte,
3110 1679 3834 1772 perpetraruntque

1044 1839 1082 1878 <c
1142 1804 1469 1901 scelera,
1531 1804 1823 1914 quibus
1886 1805 2146 1885 inerat
2184 1803 2644 1902 ‚inhumana
2692 1798 3120 1881 crudelitas
3150 1862 3170 1898 ,
3223 1800 3518 1912 quibus
3580 1797 3830 1877 nichil

995 1923 1002 1930 ⁰
1043 1975 1080 2014 c<
1139 1941 1687 2049 reperiebatur
1707 1940 2471 2040 veri,nichi1sancti,
2505 1939 2768 2019 nullus
2808 1939 3274 2047 principum
3308 1937 3428 2017 vel
3466 1934 3830 2045 judicum

1042 2112 1078 2150 «
1137 2094 1394 2157 metus
1421 2140 1439 2174 ,
1505 2105 1709 2189 quos
1764 2094 1846 2156 et
1882 2080 2277 2158 corruisse
2338 2074 2620 2186 gladiis
2661 2094 2742 2155 et
2799 2076 3341 2185 ignominioso
3385 2074 3545 2153 fine
3601 2075 3827 2154 urbis

1038 2249 1076 2286 <r
1135 2215 1478 2324 majores
1511 2232 1703 2294 natu
1732 2198 2016 2324 procul
2041 2213 2292 2296 dubio
2319 2210 2689 2295 letantur.
2715 2213 3191 2322 Supplicant
3214 2213 3462 2319 igitur
3491 2211 3823 2309 infiniti,

1039 2386 1076 2423 «
1136 2352 1434 2462 quibus
1490 2371 1949 2463 perpetrata
2003 2351 2590 2462 displicuerunt
2640 2352 3015 2449 crimina,
3066 2380 3169 2430 ne
3216 2351 3531 2458 culpam
3578 2352 3665 2428 in
3708 2352 3827 2429 in-

1038 2521 1075 2586 (ς
1135 2490 1425 2569 noxios
1483 2474 2066 2600 retorquendO,
2127 2518 2306 2569 cum
2374 2491 2643 2598 impiis
2702 2469 3235 2586 involvantur,
3293 2485 3432 2567 sed
3485 2486 3826 2567 sufficiat
3930 2551 3937 2558 .

1037 2659 1075 2698 <t
1117 2627 1352 2734 -regie
1400 2627 1852 2736 majestati,
1894 2622 2078 2704 duci
2134 2607 2456 2737 quoque
2511 2643 2590 2705 et
2643 2624 2951 2705 ducisse
3001 2625 3554 2733 superioribus
3613 2625 3776 2705 suis
3801 2687 3820 2721 ,

1035 2797 1071 2836 «
1129 2764 1537 2872 principes
1577 2760 2108 2841 rebellionum
2148 2763 2619 2859 extinxisse3
2664 2779 2745 2841 et
2779 2764 2891 2840 eis
2925 2760 3476 2841 obedienciam
3509 2760 3818 2872 fidelem

1036 2935 1073 2972 <c
1133 2915 1522 3009 perpetuo
1573 2899 2063 3006 promittunt
2104 2915 2185 2977 et
2224 2897 2790 2978 inviolabiliter
2837 2926 3172 2979 servare.
3216 2898 3567 2980 Ulterius
3612 2916 3692 2979 et
3732 2917 3820 2977 ut

1036 3072 1073 3110 «
1133 3036 1508 3143 deinceps
1553 3063 1872 3115 manere
1907 3034 2219 3117 valeant
2247 3037 2332 3116 in
2364 3014 2907 3143 pulcritudine
2945 3039 3163 3146 pacis
3206 3055 3286 3117 et
3322 3039 3596 3149 requie
3625 3056 3819 3118 tem-

1007 3172 1072 3245 ’«
1131 3172 1529 3281 poralium
1584 3172 1961 3281 opulenta
1984 3235 2002 3272 ‚
2066 3172 2412 3281 supplici
2470 3201 2707 3281 prece
2769 3154 3216 3282 deposcunt
3246 3192 3365 3255 -ut
3424 3178 3689 3283 patria
3717 3175 3817 3256 ad

1033 3345 1069 3383 «
1128 3327 1423 3391 statum
1446 3310 1881 3419 pristinum
1905 3307 2359 3403 reducatur.
2381 3310 2482 3399 Et
2505 3307 2607 3389 ad
2641 3309 3336 3393 corroborandum
3360 3324 3814 3409 tractatum,
3834 3334 3842 3342 '

1030 3482 1069 3521 «
1127 3445 1319 3526 inde
1367 3444 1470 3526 ad
1525 3447 1734 3556 regis
1788 3447 2222 3527 arbitrium
2266 3446 2948 3557 componendum,
2990 3466 3393 3559 quotquot
3430 3449 3817 3557 placuerit

1029 3618 1066 3657 «
1127 3581 1448 3664 obsides
1485 3585 2091 3686 ministrabunt,
2137 3588 2279 3699 qui
2316 3586 2576 3696 capite
2606 3583 2868 3684 luent,
2911 3587 2979 3664 si
3011 3580 3521 3666 condiciones
3561 3587 3814 3695 impo-

1028 3755 1065 3793 «
1123 3723 1275 3802 site
1308 3722 1753 3836 aliqualiter
1786 3723 2357 3832 infringantur.
2392 3758 2431 3798 ³>
3708 3824 3715 3831 ι

1075 3934 1084 3939 -
1139 3859 1476 3939 Gratam
1501 3855 1962 3940 habuerunt
1977 3860 2470 3969 legacionem
2494 3862 3120 3941 circumstantes.
3150 3859 3474 3939 Semoto
3487 3887 3812 3972 quoque

1024 3996 1315 4095 milite,
1358 4026 1542 4077 cum
1570 3998 1940 4078 nonnulli
1961 3995 2639 4105 parvipenderent
2660 3995 2764 4077 ad
2793 3997 3082 4079 federis
3106 3997 3812 4080 confirmacionem

1025 4129 1344 4213 obsides
1374 4133 1769 4242 ignobiles
1809 4133 2224 4233 obtulisse,
2258 4131 2703 4232 redeunteS,
2735 4135 2941 4243 regis
2978 4137 3452 4227 auctoritate
3481 4163 3812 4243 respon—

1024 4298 1202 4348 sum
1243 4289 1362 4350 est
1403 4301 1422 4349 τ
1469 4305 1507 4346 α
1545 4272 1658 4351 Ut
1699 4266 2251 4351 ineizhaustam
2287 4274 2457 4383 ejus
2510 4250 3041 4377 clemenciam·
3064 4274 3204 4386 qui
3238 4302 3379 4355 vos
3418 4274 3811 4353 miserunt

995 4441 1059 4519 ἀ
1115 4410 1591 4516 percipiant,
1624 4405 1839 4488 diem
1872 4405 2261 4489 decimam
2295 4400 2740 4491 decembris
2780 4409 2884 4492 ad
2917 4408 3547 4519 comparendum
3570 4438 3809 4518 super
3874 4396 3885 4407 ’

1023 4578 1062 4617 ι(
1122 4544 1276 4624 hoc
1330 4546 1416 4625 in
1456 4546 1661 4626 urbe
1687 4546 2238 4632 Tournacensi
2268 4546 2570 4629 eisdem
2604 4550 2997 4659 assignat3
3028 4547 3168 4630 sed
3198 4551 3310 4630 eis
3344 4549 3807 4629 renunciate
3846 4627 3855 4634 .

1021 4716 1058 4754 «
1118 4670 1340 4795 quod
1373 4681 1888 4765 condiciones
1918 4702 2327 4785 tractatus,
2361 4687 2609 4768 velint
2643 4688 2931 4788 nolint,
2962 4687 3403 4769 formaliter
3443 4686 3811 4768 observa-

1022 4853 1058 4892 «
1119 4819 1349 4901 bunt.
1386 4854 1426 4896 2>
2512 4824 2526 4838 ·
