4666 6014
1133 688 1227 760 58
1651 674 2336 754 CHRONIGORUM
2384 674 2742 753 KAROLI
2789 675 3076 748 SEXTI
3126 674 3303 748 LIB.
3356 674 3420 745 Ι.

1136 834 1333 913 dera
1364 834 1598 943 ⁸pacis
1648 846 2095 937 acceptasse
2115 890 2134 927 ,
2194 856 2340 908 nec
2392 828 2685 911 amoris
2735 828 3257 907 inveteratum
3307 822 3709 904 vinculum
3755 848 3939 905 cum

1137 974 1334 1081 ipsis
1383 999 1642 1080 nuper
1691 984 2187 1048 contractum
2242 960 2732 1062 dissolvisse,
2773 966 2859 1044 in
2896 961 3226 1062 ducatu,
3271 991 3440 1043 non
3493 980 3586 1041 ut
3627 961 3935 1058 hostes,

1144 1110 1283 1192 sed
1318 1128 1410 1191 ut
1458 1108 1909 1189 amicabiles
1965 1104 2466 1205 consodaleS,
2509 1106 2814 1214 hyemis
2852 1105 3295 1212 transigere
3343 1102 3935 1183 inclemenciam

1143 1266 1617 1329 statuerunt.
1664 1244 1909 1348 Quod
1965 1274 2145 1324 cum
2198 1242 2341 1325 diu
2381 1245 2724 1324 barones
2774 1241 3336 1349 denegassent,
3386 1237 3710 1323 tandem
3748 1240 3935 1320 victi

1140 1385 1447 1466 vallidis
1489 1385 1861 1494 precibus
1922 1380 2148 1463 ducis
2177 1445 2195 1479 ‚
2262 1410 2432 1460 non
2496 1382 2669 1460 sine
2729 1377 3200 1459 difficultate
3259 1378 3797 1486 permiserunt
3851 1393 3940 1455 ut

1138 1524 1435 1605 exclusi
1465 1522 1781 1636 penitus
1812 1521 1919 1601 ab
1952 1521 2316 1629 ingressu
2349 1519 2898 1598 municionum
2932 1534 3012 1597 et
3043 1515 3367 1596 urbium
3389 1577 3408 1613 ,
3449 1515 3712 1624 palam
3745 1517 3770 1559 ¹
3805 1542 3942 1625 pa-

1144 1663 1378 1742 triam
1418 1679 1513 1747 et,
1541 1658 1925 1740 suburbia
1974 1654 2538 1769 perlustrando
2560 1718 2578 1754 ,
2625 1655 3279 1737 commerciorum
3333 1653 3579 1763 legem
3622 1653 3942 1733 obtine-

1142 1817 1324 1879 rent
1355 1824 1855 1879 communem
1878 1858 1897 1894 ,
1938 1796 2252 1908 sibique
2297 1822 2502 1907 equa
2546 1818 2920 1874 mensura
2975 1810 3055 1872 et
3100 1792 3319 1901 justo
3352 1793 3627 1903 precio
3671 1819 3940 1871 neces-

1143 1940 1349 2019 saria
1384 1933 1950 2019 venderentur.

1257 2078 1568 2155 Durum
1615 2091 1881 2155 tamen
1932 2088 2104 2152 erat
2150 2070 2305 2180 ipsi
2352 2068 2538 2157 duci
2578 2087 2881 2153 assueta
2922 2070 3414 2182 relinquere3
3471 2086 3552 2150 et
3590 2067 3696 2151 ad
3734 2098 3947 2151 com-

1145 2229 1503 2291 mentum
1543 2207 2041 2290 infidelitatis
2070 2209 2364 2289 iterum
2389 2237 2473 2287 se
2502 2227 3006 2305 convertens,
3048 2208 3271 2287 omni
3304 2205 3571 2286 studio
3598 2207 3944 2287 barones

1145 2347 1628 2431 sollicitabat
1665 2365 1758 2427 ut
1797 2376 1881 2428 se
1914 2363 2366 2431 averterent
2416 2374 2463 2425 a
2516 2373 2841 2425 corona.
2900 2342 3119 2424 Fedo
3165 2373 3487 2457 quoque
3525 2346 3946 2456 proposito

1148 2486 1406 2566 velum
1447 2512 1679 2565 cause
1720 2485 2207 2565 honestioris
2253 2482 2708 2564 obtendens
2728 2545 2747 2581 ,
2797 2483 3181 2592 arguebat
3229 2481 3602 2563 ducatum
3643 2484 3948 2563 viribus

1150 2623 1627 2737 acquisitum
1692 2649 1863 2701 non
1916 2619 2210 2701 debere
2259 2621 2814 2703 exactionibus
2880 2621 3120 2729 regiis
3167 2649 3428 2733 neque
3484 2618 3949 2701 obediencie

1151 2787 1431 2868 regum
1490 2759 1656 2839 sive
1714 2758 2317 2839 Normanorum
2376 2757 2694 2840 ducum
2756 2759 3102 2868 amplius
3165 2758 3533 2867 obligari.
3609 2757 3950 2869 Eloquio

1153 2898 1397 3007 hujus
1453 2896 1708 3006 capti,
1756 2895 1971 2975 illius
2033 2896 2121 2977 in
2177 2898 2671 2979 sentenciam
2723 2896 2958 2979 multi
3015 2896 3265 2979 ibant.
3320 2893 3564 2997 Quod
3616 2893 3950 2977 audiens

1154 3035 1530 3114 dominus
1573 3033 1942 3114 Oliverus
1991 3032 2092 3113 de
2143 3034 2482 3116 Clichon
2504 3098 2523 3133 ‚
2589 3035 3274 3117 conestabularius
3324 3035 3693 3130 Francie,
3728 3032 3953 3114 ducis

1155 3197 1479 3284 quoque
1532 3197 2023 3279 cognoscens
2075 3173 2508 3269 versucias,
2553 3199 2660 3252 ne
2704 3172 2877 3283 ejus
2908 3172 3322 3252 laberintis
3360 3190 3439 3252 et
3483 3171 3954 3280 ambagibus

1158 3309 1776 3420 illaquearentur
1796 3370 1814 3404 ‚
1860 3308 2127 3387 verbis
2149 3371 2167 3406 ,
2214 3336 2408 3388 mox
2461 3308 2619 3392 hoc
2660 3307 2995 3391 domino
3049 3310 3416 3389 Roberto
3469 3307 3571 3388 de
3610 3309 3953 3390 Pulchro

1158 3445 1517 3526 Manerio
1576 3444 1861 3524 litteris
1926 3445 2366 3546 intimavit,
2424 3475 2761 3528 monens
2811 3466 2906 3527 ut
2966 3447 3216 3559 ceptis
3276 3448 3670 3546 obstaret,
3723 3466 3803 3528 et
3857 3478 3958 3527 ne

930 3625 1137 3703 sss
1160 3601 1436 3666 exorta
1491 3579 1830 3662 scintilla
1883 3610 2265 3692 magnum
2310 3585 2396 3662 in
2444 3584 2711 3692 ignem
2775 3604 3199 3686 cresceret,
3255 3605 3336 3698 et
3380 3586 3720 3666 forsitan
3773 3613 3957 3698 per-

830 3703 929 3714 W
1162 3722 1561 3802 niciosum
1582 3720 1734 3798 toti
1761 3748 2038 3829 regno.
2076 3720 2153 3800 Is
2188 3720 2537 3830 ingentis
2577 3721 2790 3806 fame
2819 3743 2996 3808 erat
3026 3722 3244 3834 apud
3279 3754 3466 3808 suos
3484 3787 3504 3824 ,
3547 3725 3960 3834 spectatis-

1162 3860 1517 3970 simeque
1576 3855 1766 3940 fidei
1818 3858 2165 3940 existens
2215 3887 2404 3967 erga
2449 3887 2828 3970 regnum,
2885 3880 3294 3971 precepto&
3314 3864 3475 3942 cito
3528 3860 3831 3968 paruit;
3881 3878 3964 3937 et

1165 3996 1566 4075 accersitis
1601 3995 2045 4076 baronibus
2063 4055 2083 4093 ,
2117 4023 2323 4107 quos
2353 4026 2612 4107 nuper
2643 3999 2996 4082 Karolus
3023 4029 3166 4081 rex
3203 4001 3473 4080 vivens
3508 3999 3964 4107 juramento

1170 4129 1574 4211 fidelitatis
1634 4133 2154 4232 astrinxerat,
2199 4132 2481 4216 ducem
2532 4136 2716 4218 ilico
2769 4137 3007 4237 adiit,
3072 4137 3629 4250 nequiciarum
3677 4133 3968 4243 pandit

1164 4269 1625 4367 h1storiam‚
1687 4298 2115 4381 regemque
2168 4271 2578 4355 affirmans
2631 4278 3128 4385 superiorem
3168 4273 3537 4372 ducatus,
3594 4272 3965 4352 hortatur

1170 4435 1274 4486 ne
1301 4404 1503 4517 quid
1533 4405 1619 4488 in
1642 4437 1820 4488 eum
1845 4408 2290 4510 molliatur3
2325 4410 2687 4528 alioquin
2703 4476 2721 4512 ,
2752 4432 3156 4526 quotquot
3187 4411 3371 4496 illuc
3401 4431 3964 4508 convenerant,

1169 4544 1269 4625 de
1309 4543 1652 4628 subditis
1690 4563 1771 4626 et
1815 4549 2089 4627 amicis
2133 4548 2456 4630 futuros
2503 4549 2774 4632 hostes
2814 4571 3192 4663 speraret.
3238 4552 3602 4633 Salubria
3652 4550 3961 4630 frivolis

1253 4878 1265 4899 ⁸
1315 4868 1453 4922 Var.
1478 4888 1495 4921 1
1524 4879 1586 4923 n⁰
1610 4866 1754 4943 5960
1775 4911 1791 4938 ,
1822 4869 1916 4926 fol.
1942 4869 2014 4940 34
2037 4891 2110 4942 r.,
2137 4874 2372 4944 planam
2407 4871 2674 4947 patriam.
