4666 6014
1130 629 1274 699 ⁴134
1594 622 2279 733 GHBBNICOR-UM
2326 620 2685 695 KAROLI
2736 623 3018 699 OEXTI
3063 626 3242 702 ΠΒ.
3290 626 3422 707 ffl.

1131 762 1539 878 presencia
1562 773 1930 881 quinque
1976 770 2318 850 fanmsos
2369 771 2661 851 milites
2711 800 2893 852 cnm
2934 776 3401 861 oenoellarin
3435 806 3597 863 anun
3623 778 3895 861 archi,

1122 911 1503 1018 episcopo
1528 908 2086 986 Cantuariensi
2117 926 2538 989 traxerunt
2561 908 2973 1008 violenter,
3001 930 3080 990 et
3111 912 3199 991 in
3231 916 3638 995 communi
3669 944 3896 1024 spec-

1120 1044 1382 1123 taculo
1414 1042 1645 1122 velud
1670 1044 1987 1153 publice
2019 1045 2655 1155 transquiilitatis
2685 1030 3084 1127 eversores
3101 1052 3364 1158 capite
3380 1051 3615 1159 plecti
3640 1053 3894 1161 jusse«

1120 1197 1334 1259 runt.
1380 1180 1624 1263 Michi
1678 1209 1993 1265 causam
2028 1180 2350 1261 ecclesie
2402 1199 2675 1261 nostre
2718 1184 2804 1260 in
2850 1183 3005 1262 hoc
3051 1213 3300 1293 regno
3352 1189 3891 1297 promoventi,

1116 1346 1300 1397 cum
1327 1316 1847 1429 indignanter
1880 1316 2241 1399 audirem
2271 1320 2443 1429 ipsa
2469 1315 2598 1396 die
2627 1346 2775 1426 per
2803 1318 2984 1397 ville
3015 1320 3227 1409 bivia
3267 1320 3475 1401 illius
3505 1323 3894 1431 archiepi-
3947 1333 3965 1340 “

1115 1456 1338 1563 scopi
1368 1450 1626 1560 capud
1661 1473 2059 1533 sacratum
2084 1456 2397 1565 plebem
2430 1452 2771 1563 pedibus
2810 1456 2968 1535 huc
3005 1457 3346 1568 illucque
3377 1460 3803 1568 projecisse
3833 1464 3888 1557 ¹,

1112 1618 1478 1702 unusque
1511 1593 2052 1670 assistencium
2081 1590 2432 1674 diceret:
2472 1592 2744 1670 «Scias
2774 1594 2860 1670 in
2893 1620 3143 1701 regno
3176 1595 3508 1673 Francie
3536 1594 3893 1675 abhomi-

1115 1760 1152 1798 «
1184 1726 1585 1805 nabiliora
1628 1727 1899 1805 fiitura
1937 1744 2016 1804 et
2058 1730 2144 1805 in
2184 1728 2448 1825 brevi,
2485 1760 2522 1800 2>
2578 1727 2734 1805 hoc
2774 1727 3033 1806 solum
3065 1726 3446 1836 subjunxi
3500 1759 3516 1807 ε
3576 1764 3614 1802 <c
3664 1730 3889 1810 Absit

982 1896 985 1899 “
1110 1896 1147 1933 <c
1191 1879 1279 1940 ut
1311 1861 1568 1940 Gallie
1599 1864 2062 1941 continuata
2098 1860 2436 1941 fidelitas
2478 1879 2707 1941 tanto
2746 1879 3112 1940 monstro
3142 1859 3665 1943 deformetur!
3707 1899 3746 1939 2>

986 2000 991 2007 ’
1220 1995 1563 2076 Rediens
1605 1995 1705 2076 ad
1750 2000 2294 2107 propositum,
2336 1999 2694 2110 quamvis
2735 1997 2983 2109 scelus
3017 1998 3313 2077 furiosa
3359 1999 3579 2078 rabie
3623 2027 3883 2109 popu-

1108 2136 1253 2213 lari
1307 2162 1576 2212 mense
1622 2135 1943 2213 octobri
2000 2151 2549 2245 perpetratum
2601 2133 2977 2212 domiuus
3017 2131 3472 2241 Andegavic
3519 2134 3630 2217 ad
3678 2137 3884 2247 inju-

1104 2272 1305 2350 riam
1346 2273 1553 2377 regis
1595 2270 1799 2350 clare
1833 2273 2285 2380 perciperet
2315 2289 2818 2381 retorquere,
2860 2266 3296 2348 vindictam
3333 2287 3597 2349 tamen
3634 2299 3884 2380 usque

1103 2406 1203 2486 ad
1271 2435 1624 2487 mensem
1686 2409 1962 2487 marcii
2037 2407 2384 2505 distulit,
2450 2424 2846 2514 temptans
2910 2408 3234 2486 interim
3293 2407 3564 2486 multis
3622 2406 3883 2488 modis

1102 2546 1578 2623 Parisienses
1618 2542 1725 2621 ad
1779 2542 2222 2652 colligenda
2264 2540 2618 2625 subsidia
2664 2543 3073 2623 inclinare.
3121 2546 3229 2622 At
3277 2542 3418 2622 ubi
3458 2571 3542 2624 se
3587 2543 3882 2626 frustra

1099 2679 1302 2760 vidit
1339 2679 1878 2787 legacionibus
1918 2680 2389 2791 lenibusque
2419 2679 2688 2759 verbis
2719 2679 3116 2776 laborare,
3160 2680 3315 2758 hoc
3352 2676 3450 2765 de
3488 2680 3698 2763 facto
3738 2710 3882 2790 per

1100 2817 1521 2899 consilium
1556 2834 2034 2927 attemptans
2057 2880 2075 2916 ,
2105 2820 2191 2903 in
2226 2816 2647 2901 Castelleto
2686 2818 2909 2925 regio
2939 2812 3181 2933 jussit
3216 2845 3485 2897 mense
3509 2817 3880 2927 januario

1099 2955 1613 3063 proclamari,
1645 2956 1868 3034 ostiis
1920 2973 2186 3035 tamen
2212 2955 2502 3038 clausis
2526 3016 2544 3052 ,
2602 2981 2703 3034 ne
2741 2950 2935 3036 inde
2984 2952 3370 3052 tumultus
3411 2952 3670 3063 plebis
3710 2982 3879 3038 non

1098 3090 1359 3172 adhuc
1404 3092 1815 3201 pacificate
1850 3089 2225 3173 oriretur.
2266 3071 2708 3173 Affuerunt‘
2737 3087 2920 3172 ilico
2961 3119 3196 3176 cauma
3233 3090 3440 3200 ‘lucri
3478 3091 3877 3199 ›vectigali-

1098 3229 1247 3308 bus
1286 3228 1626 3338 publicis
1654 3230 2011 3334 precium
2043 3247 2570 3339 apponentes3
2605 3226 2742 3306 sed
2773 3255 2956 3312 cum
2990 3225 3291 3306 deesset
3315 3244 3540 3306 metu
3563 3227 3870 3322 mortis,

1096 3368 1236 3476 qui
1278 3364 1437 3444 'hoc
1486 3364 1809 3473 publice
1869 3367 2314 3464 intimaret,
2368 3391 2491 3444 res
2540 3391 2639 3444 ex
2687 3381 2880 3442 tunc
2931 3364 3018 3440 in
3064 3362 3416 3471 longum·
3446 3360 3615 3441 ibat
3663 3380 3742 3440 et
3787 3363 3872 3440 in

1096 3501 1417 3581 irritum
1435 3500 1872 3598 desinebat,
1904 3503 2060 3580 nisi
2084 3500 2441 3614 quidam,
2476 3518 2799 3614 questus
2821 3527 3077 3596 causa,
3104 3501 3489 3607 temporis
3522 3499 3873 3607 spacium

1096 3637 1634 3745 supplevisset.
1681 3639 1757 3717 Is
1797 3616 2196 3748 peccuniis
2237 3639 2555 3719 allectus
2577 3699 2595 3734 ‚
2640 3636 2770 3717 die
2808 3638 3102 3715 mensis
3128 3635 3515 3714 februarii
3554 3635 3867 3731 ultima,

1093 3777 1181 3852 in
1222 3773 1493 3851 fomm
1540 3802 1813 3852 rerum
1865 3776 2262 3858 venalium
2292 3777 2556 3874 venit,
2607 3791 2687 3854 et
2733 3772 2887 3856 sibi
2948 3773 3118 3880 ipsi
3162 3798 3585 3877 precavens
3605 3831 3623 3866 ‚
3689 3798 3870 3852 cum

1096 3925 1592 4016 aggregasset
1632 3909 2053 4017 populum,
2085 3911 2348 3991 verbis
2398 3911 2855 4020 sophisticis
2905 3899 3110 3992 mus⁸
3139 3908 3406 4015 primo
3425 3967 3446 4003 ‚
3491 3903 3876 4016 qmsdam

1095 4039 1451 4123 scutellas
1480 4071 1754 4123 aureas
1787 4047 1874 4124 in
1904 4050 2114 4155 regis
2147 4050 2366 4127 curia
2396 4047 2697 4126 furatas
2730 4045 3075 4124 clamans
3095 4041 3426 4162 fortiter
3451 4043 3872 4149 expressit,

1093 4181 1583 4294 subjungens
1608 4209 1653 4258 a
1674 4209 1857 4289 rege
1870 4185 2184 4262 veniam
2203 4246 2221 4282 ,
2252 4180 2565 4263 laudem
2595 4200 2674 4261 et
2691 4181 2996 4291 premia
3020 4177 3469 4257 restituenti
3493 4179 3868 4286 proponi.

1092 4319 1195 4404 Et
1228 4346 1408 4397 cum
1442 4318 1667 4428 quasi
1710 4306 1925 4396 dere
1958 4317 2410 4400 incredibili
2444 4316 2544 4398 ad
2588 4319 2839 4396 risum
2877 4307 3267 4423 populum
3305 4314 3752 4407 excitasset,
3793 4326 3871 4388 et

1089 4456 1594 4540 tumultuosis
1641 4455 1945 4552 verbis,
1998 4456 2470 4568 ambagibus
2507 4480 2827 4570 quoque
2874 4479 3055 4530 eum
3080 4445 3605 4558 conspiceret
3646 4475 3870 4526 occu-

1164 4646 1177 4667 ¹
1206 4637 1286 4692 Le
1309 4631 1553 4708 n⁰fi960‚
1583 4631 1678 4688 fol.
1700 4635 1758 4698 4¹
1786 4651 1832 4688 r.
1838 4674 1855 4702 ‚
1876 4591 2344 4706 ponte—l’addition
2359 4633 2442 4696 du
2513 4630 2728 4690 tamdiu
2749 4628 3025 4704 quamdiu
3050 4627 3199 4688 illud
3212 4644 3383 4704 super·
3401 4636 3626 4701 pontem
3646 4624 3872 4684 Londo-

1090 4738 1312 4792 passage
1352 4720 1594 4786 suivant,
1634 4716 1734 4790 qui
1775 4734 1845 4771 ne
1885 4722 2139 4791 presente
2164 4721 2327 4794 point
2363 4737 2441 4775 un
2493 4722 2734 4776 -m'arum
2759 4715 2998 4793 qffixum
3017 4716 3426 4786 relinquerant.

1088 4824 1208 4867 sens
1234 4801 1473 4877 complet
1498 4827 1510 4857 ι
1531 4802 2014 4876 Abominarerque
2031 4806 2274 4879 amphus
2286 4804 2445 4890 quod
