4666 6014
1010 702 1021 717 ·
1098 659 1236 729 420
1576 650 2254 729 CHRONIGORUM
2304 654 2660 729 KAROLI
2708 652 2993 731 SEXTI
3043 656 3219 731 Lm.
3271 658 3406 763 ΙΙ..Ι

1095 805 1520 883 Provencie
1539 863 1557 900 ,
1603 803 1763 903 filie
1819 802 2327 885 illustrissimi
2370 804 2762 913 principis
2811 805 3089 885 Karoli
3111 867 3130 904 ,
3179 803 3405 886 ducis
3460 798 3860 904 Calabrie,

1084 939 1236 1019 filii
1288 939 1622 1039 Roberti
1673 937 2082 1051 quondam
2133 922 2368 1048 regis*
2392 939 2655 1023 Sicilie
2676 1002 2696 1038 ,
2751 969 2848 1021 ex
2889 941 3139 1021 Maria
3190 970 3463 1022 sorore
3509 943 3857 1052 Philippi

1034 1160 1039 1163 ,
1090 1077 1863 1185 regis-Francorum,
1894 1076 2284 1187 regnandi
2316 1077 2595 1185 scripsi
2631 1079 3118 1185 principium
3138 1138 3157 1175 ,
3188 1079 3299 1155 sic
3323 1096 3402 1157 et
3429 1057 3862 1159 terminum

1087 1215 1494 1323 attingam.
1522 1211 1724 1291 Cum
1743 1212 1959 1290 enim
1977 1214 2309 1319 triginta
2340 1231 2419 1292 et
2439 1212 2700 1292 tribus
2730 1214 2961 1295 annis
2989 1230 3393 1320 regnasset
3415 1215 3856 1321 magnifice,

1079 1346 1357 1428 videns
1389 1345 1610 1458 quod
1653 1347 1878 1456 prole
1909 1367 2212 1429 careret
2263 1367 2452 1458 apta
2489 1376 2739 1457 regno
2760 1366 2788 1446 ,·
2835 1366 3292 1460 attenteque
3343 1346 3858 1431 considerans

1081 1513 1176 1564 ex
1219 1486 1713 1567 Francorum
1758 1512 2136 1592 generosa
2184 1488 2578 1595 prosapia
2599 1486 2931 1569 traxisse
2975 1464 3405 1592 originem,
3441 1482 3860 1565 dominum

1083 1620 1365 1701 ducem
1398 1618 2100 1749 Andegavensem
2079 1651 2165 1700 111
2208 1621 2463 1706 filium
2492 1641 2572 1703 et
2611 1650 3141 1703 successorem
3182 1619 3631 1730 adoptavit,
3677 1649 3861 1701 eum

1082 1760 1401 1851 nunciis
1451 1775 1532 1837 et
1584 1758 1944 1867 apicibus
1989 1786 2372 1856 evocam,
2423 1776 2515 1838 ut
2576 1758 3042 1837 festinanter
3093 1754 3497 1835 accederet
3539 1773 3619 1833 et
3667 1783 3858 1864 pos-

1082 1896 1512 1972 sessionem
1550 1890 1943 2001 acciperet
1980 1897 2462 2003 sceptrigere
2499 1893 2936 2002 potestatis.

976 2008 981 2011 .
1192 2028 1743 2138 Adopcionem
1781 2032 2053 2138 regine
2088 2030 2416 2111 illustris
2449 2031 2821 2140 princeps
2849 2028 3368 2125 Tarentinus,
3402 1977 3660 2108 dictus
3699 2030 3860 2108 Ka-

1081 2168 1294 2247 rolus
1319 2165 1420 2246 de
1448 2168 1643 2249 Pace
1662 2228 1681 2265 ‚
1684 2170 1849 2279 qui
1872 2186 2196 2277 neptem
2222 2168 2530 2275 neptis¹
2566 2165 2870 2273 prefate
2892 2163 3220 2243 domine
3250 2191 3583 2245 uxorem
3607 2162 3856 2243 duxe-

1080 2322 1229 2402 rat,
1262 2306 1583 2401 racione
1605 2304 1829 2410 cujus
1858 2306 1999 2413 jus·
2019 2306 2107 2383 in·
2132 2303 2463 2411 prefatis
2479 2301 2873 2401 ‚dominiis
2904 2299 3402 2399 reclamabat,
3435 2301 3858 2408 impacien-

1077 2442 1376 2519 tissime
1428 2441 1633 2519 tulitz
1689 2438 1920 2523 Unde
1962 2440 2359 2549 majorum
2405 2434 2661 2546 patrie
2705 2438 2863 2518 sibi
2906 2437 3336 2517 consiliatis
3389 2436 3714 2533 animis,
3769 2436 3854 2515 in

1038 2653 1043 2657 ,
1076 2574 1431 2657 eamdem
1465 2574 1825 2684 reginam
1864 2603 2183 2683 gravem
2217 2576 2905 2682 conspiracionem
2949 2574 3412 2670 concitavit,
3451 2573 3606 2655 hoc
3641 2590 3858 2652 certe

1074 2710 1405 2827 Urbano
1426 2772 1445 2809 ‚
1477 2712 1616 2822 qui
1656 2710 1908 2790 Rome
1946 2738 2029 2789 se
2068 2739 2221 2817 pro
2268 2738 2580 2791 summo
2621 2708 3004 2825 pontifice
3053 2709 3412 2823 gerebat,
3455 2726 3854 2788 annuente

1075 2866 1155 2925 et
1194 2865 1501 2961 partem
1538 2847 1708 2957 ejus
1763 2845 2095 2927 favente.
2152 2844 2470 2965 Sciebat
2519 2875 2694 2927 eam
2741 2846 3128 2933 Clementi
3171 2873 3378 2955 pape
3430 2843 3813 2929 adherere
3829 2907 3849 2943 ,

1077 2984 1162 3061 in
1204 2984 1426 3091 cujus
1477 2978 1753 3063 odium
1805 2985 2068 3091 ipsum
2108 2984 2541 3098 Karolum‚
2577 2985 2883 3094 jurium
2928 3001 3007 3064 et
3038 2982 3498 3063 libertatum
3525 3009 3855 3061 romane

1076 3119 1413 3200 Ecclesie
1444 3117 1913 3220 advocatum
1943 3122 2466 3204 constituerat
2493 3140 2573 3201 et
2604 3119 3039 3200 custodem.
3079 3120 3260 3219 Qua
3293 3118 3541 3197 fultus
3577 3137 3850 3197 aucto-

1074 3255 1339 3352 ritate,
1372 3284 1560 3334 mox
1587 3257 1946 3363 ingentes
1970 3259 2244 3362 copias
2267 3276 2809 3366 pugnatorum
2834 3254 3378 3360 congregavit,
3400 3270 3480 3332 et
3512 3256 3854 3362 patriam

928 3441 939 3450 -
1075 3392 1345 3497 regine
1400 3391 1888 3497 perlustrans
1956 3391 2354 3470 hostiliter
2387 3451 2406 3486 ,
2484 3390 2753 3469 multis
2844 3384 3368 3467 incommodis
3437 3387 3846 3468 lacessivit.

1072 3527 1249 3626 Que
1268 3586 1286 3621 ,
1323 3527 1681 3635 quamvis
1703 3523 2251 3632 irreparabilia
2273 3524 2576 3607 fuerint
2594 3587 2613 3624 ‚
2645 3553 2814 3605 non
2844 3543 3107 3604 tamen
3149 3525 3319 3634 ejus
3346 3527 3852 3632 propositum

1070 3678 1609 3758 mutaverunt3
1640 3659 1779 3739 sed
1802 3658 1906 3739 ad
1939 3659 2473 3742 discursiones
2492 3659 3408 3769 hostiles'propellendas
3435 3658 3852 3742 dominum

1073 3795 1533 3903 Philippum
1565 3793 1663 3875 de
1696 3797 2012 3895 Artesio
2038 3859 2055 3894 ,
2084 3799 2724 3880 strenuissimum
2762 3797 3136 3894 militem,
3178 3814 3606 3905 cognatum
3640 3798 3848 3902 regis

1071 3931 1403 4011 Francie
1429 3994 1447 4029 ‚
1501 3932 1786 4012 litteris
1839 3934 2283 4032 accersivit,
2325 3954 2419 4015 ut
2462 3965 2607 4014 suo
2662 3951 3010 4043 preesset
3048 3934 3428 4016 exercitui
3469 3949 3549 4010 et
3573 3921 3850 4010 Karo-

1071 4068 1235 4146 lum
1276 4065 1725 4148 debellaret.
1777 4071 1940 4170 Qui
1976 4069 2472 4178 jussionibus
2512 4099 2836 4179 parens,
2882 4088 2963 4151 et
2999 4069 3102 4150 ad
3145 4098 3318 4149 eam
3359 4070 3670 4175 magnis
3707 4070 3847 4147 iti·-

1068 4203 1397 4284 neribus
1438 4203 1963 4302 contendens,
2007 4205 2230 4316 quod
2270 4208 2429 4288 sibi
2475 4210 2927 4320 injunctum
2965 4207 3149 4304 fuit,
3190 4233 3535 4313 propere
3570 4193 3846 4286 statuit

1067 4341 1533 4452 adimplere3
1559 4343 1699 4425 sed
1720 4345 1950 4424 aliter
1977 4348 2322 4455 contigit
2343 4377 2584 4460 quam
2606 4349 3012 4468 sperabat.
3037 4346 3482 4428 Commisso
3506 4373 3848 4457 namque

1065 4477 1362 4586 preli0,
1409 4482 1713 4561 Karolo
1748 4484 1980 4560 cessit
2008 4484 2385 4579 victoria,
2429 4502 2510 4563 et
2539 4484 2804 4563 multis
2838 4511 2934 4566 ex
2970 4455 3486 4561 Clementinis
3526 4482 3803 4560 occisis
3820 4542 3840 4578 ,

1066 4618 1324 4723 ipsam
1357 4619 1721 4726 reginam
1757 4647 1937 4698 cum
1968 4617 2304 4700 domino
2339 4620 2669 4702 Othone
2707 4618 2806 4699 de
2852 4618 3315 4717 Bresouich,
3358 4620 3532 4700 viro
3563 4646 3743 4712 su0,
3770 4634 3848 4695 et

1040 4843 1049 4850 ·
1134 4812 1163 4856 ¹·
1190 4822 1501 4886 L’addition
1529 4823 1607 4878 du
1633 4834 1751 4879 mot
1784 4827 1968 4895 neptis
1992 4835 2077 4881 est
2102 4843 2227 4881 sans
2249 4824 2422 4883 doute
2447 4841 2560 4883 une
2585 4843 2777 4883 errent
2804 4825 2876 4883 de
2898 4826 3075 4902 copie.
