4666 6014
1048 646 1194 716 522
1522 630 2207 710 CHRONIGORUM
2235 630 2614 708 KAROLI
2663 629 2951 706 SEX'H
2999 629 3176 704 ΗΒ.
3233 631 3371 706 lx.

1047 816 1341 870 norum
1366 788 1529 898 jam
1557 785 1901 894 patriam
1929 782 2299 884 cedibus,
2333 783 2748 894 rapiniset
2785 778 3178 862 incendiis
3201 780 3501 891 pluries
3532 784 3843 891 inquie-

1047 947 1250 1007 tasse
1270 988 1290 1022 ‚
1326 923 1428 1003 de
1465 920 1598 1002 die
1629 920 1716 1001 in
1748 918 2119 1035 diemque
2149 922 2432 1006 conari
2464 939 2556 1001 ut
2595 920 2836 1001 urbes
2864 918 3023 1000 sibi
3060 920 3479 1029 contiguas
3509 943 3847 1027 occupa·

1047 1081 1265 1160 rent,
1309 1087 1547 1143 orans
1589 1076 1682 1139 ut
1722 1055 2043 1141 ducatui
2088 1041 2374 1141 ultimo
2408 1059 2572 1141 fere
2623 1059 2998 1169 exposito
3045 1055 3494 1140 discrimini
3538 1057 3851 1138 viribus·

1048 1199 1533 1284 subveniret.

2003 1343 2676 1425 CAPITULUM
2741 1347 2889 1430 VI.

1766 1555 1900 1614 Dux
1930 1554 2002 1614 de
2028 1554 2266 1615 Gnerlis
2295 1573 2496 1638 regem
2528 1553 2773 1617 Francie
2794 1519 3106 1616 diffidavit.

1155 1761 1518 1839 Alemani
1571 1759 1917 1867 patriam
1977 1759 2448 1841 infestantes
2504 1759 2658 1842 sub
2714 1757 2915 1840 duce
2968 1756 3072 1839 de
3132 1759 3464 1839 Guerlia
3491 1821 3512 1857 ,
3562 1764 3845 1874 utique

1044 1900 1220 1977 viro
1268 1896 1523 1977 nobili
1563 1914 1646 1976 et
1678 1898 2092 2008 antiquam
2123 1894 2464 1978 ducente
2506 1927 2604 1978 ex
2636 1899 3043 2006 generosis
3085 1898 3403 2007 proavis
3432 1901 3845 2007 sanguinis

1044 2031 1553 2143 dignitatem,
1609 2031 2063 2116 militabant
2086 2097 2106 2135 ‚
2152 2036 2293 2147 qui
2339 2032 2572 2116 laude
2617 2034 2898 2115 bellica
2949 2034 3263 2143 fulgens
3303 2034 3610 2115 cunctis
3655 2034 3845 2114 Ale-

1042 2175 1307 2253 manie
1336 2168 1675 2255 ducibus
1706 2171 2203 2282 precellebat.
2243 2171 2496 2286 Cujus
2521 2175 2882 2286 quamvis
2910 2174 3437 2283 pertinaciam
3460 2167 3626 2252 dux
3653 2169 3844 2252 Bur-

1050 2307 1349 2418 gundie
1396 2339 1582 2420 egre
1620 2309 1893 2410 ferret,
1932 2339 2347 2423 nunquam
2379 2328 2647 2392 tamen
2666 2373 2686 2410 ‚
2726 2310 2931 2391 sicut
2980 2338 3217 2420 spero
3238 2371 3258 2409 ,
3309 2309 3518 2389 hanc
3575 2326 3843 2418 temp-

1045 2463 1286 2529 tasset
1328 2433 1825 2529 contundere
1849 2510 1872 2548 ‚
1912 2432 2069 2528 nisi
2123 2476 2262 2528 rex
2315 2476 2554 2558 opem
2604 2448 2950 2552 tulisset,
3000 2447 3134 2527 tali
3190 2448 3610 2527 occasione
3669 2475 3845 2556 pre-

1046 2582 1415 2683 cedente3
1461 2583 1754 2665 addam
1793 2585 1925 2664 hic
1954 2586 2460 2693 peregrinam
2500 2612 2664 2664 rem
2688 2644 2707 2682 ,
2751 2579 3080 2692 dignam
3120 2600 3385 2663 tamen
3432 2584 3839 2666 memoria.

1046 2723 1251 2802 Nam
1283 2720 1474 2803 dum
1514 2747 1756 2832 super
1795 2719 2125 2830 agendis
2165 2723 2253 2800 in
2302 2723 2785 2802 consistorio
2828 2722 3286 2830 principum
3327 2747 3552 2805 more
3603 2720 3842 2801 solito

1045 2863 1616 2940 reiterarentur
1666 2855 2064 2970 colloquia
2085 2921 2103 2956 ‚
2148 2856 2480 2970 quidam
2538 2859 3148 2967 agonizancium
3198 2885 3442 2965 preco
3488 2855 3592 2937 ad
3632 2858 3846 2966 regis

1047 2998 1351 3077 curiam
1391 3020 1488 3077 ex
1533 2996 1944 3106 insperato
1991 2997 2369 3077 accessit*
2396 2995 2547 3078 Cui
2594 2992 2914 3076 dicendi
2960 3010 3353 3104 pooestate
3396 2994 3615 3077 facta*
3648 2992 3845 3108 quid

1046 3136 1388 3244 petitum
1428 3134 1774 3234 veniret,
1827 3132 1958 3214 ille
2005 3135 2358 3242 primum
2405 3129 2835 3243 purgando
2862 3148 3182 3243 tempus
3222 3135 3465 3214 terit':
3512 3161 3595 3213 se
3634 3134 3841 3213 invi-

1042 3288 1213 3349 tum
1243 3262 1670 3382 quicquam
1707 3267 1928 3382 quod
1963 3272 2232 3352 minus
2274 3269 2581 3381 placeat
2614 3271 2785 3380 regi
2817 3269 3249 3371 dicturum,
3305 3267 3445 3350 sed
3492 3271 3830 3379 imperio

1042 3408 1306 3516 subigi
1347 3436 1430 3488 se
1465 3436 1564 3487 ex
1612 3425 1840 3518 parte
1878 3403 2102 3488 ducis
2142 3405 2244 3487 de
2276 3408 2598 3488 Guerlis
2638 3405 3139 3490 diffidencias
3191 3405 3584 3505 indicere,
3632 3435 3828 3519 quas

1041 3547 1381 3653 proprio
1413 3544 1582 3653 ejus
1614 3543 1878 3652 sigillo
1904 3545 2326 3625 roboratas
2356 3547 2864 3654 presentavit.

1155 3680 1247 3760 Id
1316 3698 1780 3790 pergratum
1847 3683 2024 3790 regi
2089 3680 2515 3763 belloi-um
2555 3680 3075 3792 cupidissimo
3155 3681 3349 3777 fuit,
3414 3707 3596 3760 cum
3653 3697 3827 3760 toto

1039 3818 1328 3897 mentis
1376 3815 1665 3898 ardore
1717 3816 1819 3899 ad
1881 3814 2372 3900 dilatandam
2422 3820 2772 3901 nominis
2823 3822 2945 3899 sui
2989 3819 3330 3928 gloriam
3376 3816 3780 3898 anhelaret
3805 3880 3825 3915 ,

1033 3955 1397 4065 viresque
1435 3953 1787 4035 hostium
1828 3958 2058 4067 qnasi
2087 3983 2252 4066 pro
2285 3955 2589 4037 nichilo
2630 3955 2925 4037 ducens
2965 3956 3704 4063 terras-incognitas
3747 3972 3827 4036 et

1039 4106 1383 4170 remotas
1414 4087 1740 4171 videndi
1776 4092 2093 4174 infinita
2137 4080 2529 4204 cupidine.
2553 4094 3027 4174 traheretur.
3073 4090 3598 4203 perlectisque
3651 4094 3823 4201 api-

907 4292 916 4299 .
1037 4228 1263 4308 cibus
1279 4288 1299 4326 ‚
1334 4230 1693 4340 quamvis
1719 4228 2028 4310 Karolo
2066 4227 2167 4310 de
2196 4226 2512 4312 Valesio
2539 4249 2618 4312 et
2647 4258 2814 4311 non
2848 4231 3021 4339 regi
3048 4230 3586 4326 mitterentur,
3624 4256 3826 4310 nun·

1034 4368 1247 4446 cium
1278 4369 1591 4477 excepit
1609 4369 1819 4448 comi
1847 4367 2120 4449 fronte
2152 4387 2232 4449 et
2253 4366 2564 4450 dotavit
2595 4366 3061 4450 muneribus
3077 4430 3097 4467 ‚
3123 4366 3452 4479 necssibi
3476 4364 3825 4447 reditum

1036 4501 1458 4617 denegavit
1484 4566 1505 4605 ,
1558 4534 1660 4589 ne
1709 4503 2114 4588 videretur
2167 4505 2511 4618 injurius
2545 4526 2703 4589 aut·
2718 4504 3089 4617 pavidus;
3137 4500 3276 4589 sed
3324 4483 3665 4586 dulciter
3718 4503 3821 4584 ad

1033 4636 1320 4722 ducem
1349 4670 1585 4724 suum
1614 4643 1943 4724 remisit.
1977 4645 2292 4724 Rumor
2329 4645 2571 4757 hujus
2609 4646 3038 4755 legacionis
3068 4642 3473 4755 dispersus
3498 4638 3823 4725 audien-

1032 4781 1245 4860 cium
1269 4797 1573 4865 mentes
1596 4783 1815 4867 varie
1837 4784 2213 4893 oppinari
2237 4784 2700 4869 inclinabat.
2726 4786 2929 4867 Nam
2960 4782 3328 4867 nonnulli
3352 4810 3520 4866 rem
3552 4806 3818 4865 recen-
