4666 6014
1117 718 1257 788 142
1586 710 2273 785 CHRONICORUM
2322 710 2681 786 KAROLI
2732 709 3018 784 SEXTI
3068 710 3240 784 LIB.
3299 710 3425 784 111.

1102 869 1188 945 in
1229 863 2035 945 commessacionibus
2084 882 2165 943 et
2202 865 2729 945 ebrietatibus
2762 881 3164 944 transacta
3187 926 3206 963 ‚
3243 892 3586 977 nequam
3620 865 3902 945 concio

1111 985 1239 1081 illa
1296 1020 1726 1083 contumax
1783 1016 1863 1081 et
1918 1002 2332 1082 calcitrosa
2388 1006 2600 1113 cepit
2655 1002 3211 1082 vehemencius
3269 1002 3659 1100 insanire3
3716 1031 3903 1082 nam

1107 1171 1287 1221 cum
1346 1138 1678 1221 domum
1734 1139 2041 1221 domini
2107 1143 2473 1251 Hugonis
2533 1142 2882 1223 Aubriot
2935 1139 3356 1239 adiissent,
3417 1142 3678 1250 ipsum
3734 1169 3901 1221 non

1106 1283 1628 1390 reperienteS,
1684 1282 1942 1361 ferina
1993 1283 2216 1361 rabie
2265 1276 2546 1362 urbem
2598 1279 3006 1392 proditam
3053 1279 3355 1392 ubique
3401 1278 3903 1395 horribiliter

1101 1417 1640 1498 clamaverunt
1664 1481 1683 1507 ,
1714 1416 1818 1498 ad
1849 1437 2340 1533 pontemque
2371 1418 2476 1500 de
2503 1419 3051 1499 Charentonio
3085 1415 3658 1503 destruendum
3681 1419 3906 1501 ocius

1100 1558 1654 1657 festinassent3
1721 1556 1862 1638 sed
1930 1558 2356 1643 consilium
2423 1559 2715 1640 effectu
2786 1558 3084 1655 caruit,
3153 1576 3372 1638 metu
3439 1559 3725 1639 mortis
3779 1558 3902 1640 vel

1105 1696 1556 1804 penitencia
1610 1694 1869 1794 ducti,
1924 1724 2095 1795 seu,
2148 1694 2372 1808 quod
2425 1699 2688 1777 verius
2743 1696 2933 1792 fuit,
2989 1691 3299 1773 domini
3353 1696 3744 1777 Johannis
3801 1694 3901 1777 de

1101 1831 1459 1913 Maresiis
1520 1833 1839 1914 lenibus
1890 1835 2156 1914 verbis
2226 1838 2614 1945 repressi,
2666 1834 2892 1945 cujus
2939 1831 3403 1944 eloquencia
3446 1862 3630 1945 sepe
3683 1837 3900 1945 capti

1108 1969 1315 2051 illius
1344 1973 1429 2051 in
1460 1975 1949 2053 sentenciam
1985 1974 2238 2053 ibant.

2063 2239 2736 2325 CAPITULUM
2802 2246 2914 2324 11.

1434 2477 1524 2537 De
1551 2475 1899 2558 quibusdam
1929 2476 2110 2559 sig-nis
2143 2499 2259 2559 que
2289 2480 2749 2541 commocionem
2779 2480 3098 2563 predictam
3137 2492 3552 2562 precesserunt.

1158 2706 1159 2709 ‘
1210 2682 1619 2763 Nonnulla
1658 2684 1885 2792 signa
1914 2683 2372 2764 futurorum
2425 2684 2915 2795 designativa
2951 2702 3219 2797 preter
3251 2714 3558 2765 morem
3593 2714 3900 2795 preces-

1097 2838 1405 2918 serant,
1467 2838 1549 2901 et
1599 2849 1791 2932 que,
1847 2819 2247 2901 credimus
2274 2885 2292 2921 ,
2358 2822 2856 2904 horrendum
2907 2825 3218 2907 facinus
3268 2822 3893 2934 portendebant.

1098 2959 1249 3037 Die
1306 2986 1654 3072 namque
1709 2960 2077 3069 proxima
2139 2978 2326 3041 ante
2387 2964 3019 3043 commocionem
3083 2958 3569 3072 predictam,
3641 2992 3899 3074 prope

1096 3094 1364 3175 villam
1394 3091 1664 3178 Sancti
1694 3098 2057 3206 Dy‘onisii
2082 3161 2100 3196 ,
2139 3100 2224 3178 in
2251 3098 2494 3179 domo
2529 3097 2899 3213 quadam,
2926 3130 3083 3214 que
3112 3099 3512 3180 Merevilla
3540 3120 3895 3201 vocatur,

1098 3263 1286 3315 vaca
1358 3255 1960 3317 monstruosum
2031 3239 2372 3319 vitulum
2440 3244 2676 3321 enixa
2728 3242 2991 3321 fuerat
3012 3304 3031 3340 ,
3090 3244 3229 3353 qui
3271 3240 3898 3354 similitudinem

1099 3400 1380 3482 gerens
1418 3375 1782 3455 animalis
1815 3377 2211 3486 bicipitis,
2249 3380 2336 3457 in
2365 3378 2637 3460 fronte
2679 3397 2840 3460 tres
2881 3379 3151 3459 oculos
3182 3377 3621 3478 deferebat,
3659 3399 3900 3492 atque

1100 3513 1185 3589 in
1214 3538 1355 3591 ore
1383 3511 1697 3593 furcato
1728 3511 1884 3593 due
1914 3514 2185 3623 lingue
2212 3535 2573 3626 separate
2597 3517 3129 3598 habebantur.
3164 3515 3410 3620 Quod
3433 3536 3898 3628 portentum

1101 3677 1398 3759 pavore
1447 3651 1794 3759 perculit
1848 3672 2120 3762 pectus
2166 3656 2485 3736 abbatis
2536 3654 2892 3765 ejusdem
2939 3657 3442 3754 monasterii,
3477 3674 3560 3736 et
3603 3655 3897 3736 animal

1101 3786 1284 3866 ilico
1326 3788 1566 3898 jussit
1625 3788 1929 3889 occidi,
1984 3792 2394 3873 affirmans
2416 3856 2434 3892 ,
2490 3812 2582 3874 ut
2628 3811 2800 3874 erat
2850 3794 2974 3873 vir
3023 3792 3606 3874 eruditissimus
3628 3854 3646 3890 ,
3702 3821 3895 3872 nus-

1098 3952 1341 4037 quam
1381 3927 1536 4007 tale
1571 3930 2039 4038 contigisse,
2075 3933 2230 4011 nisi
2279 3961 2462 4013 cum
2509 3930 2855 4044 quedam
2899 3929 3307 4012 horrenda
3338 3929 3892 4009 imminebant.

1099 4063 1445 4145 Parisius
1495 4067 1745 4146 eciam
1769 4129 1788 4164 ,
1839 4067 2177 4149 scolares
2220 4067 2648 4151 cardinalis
2687 4069 3065 4149 Monachi
3117 4070 3203 4147 in
3247 4067 3489 4147 horto
3548 4066 3900 4178 collegii,

1098 4200 1409 4283 vallidis
1444 4207 1696 4287 muris
1732 4205 1996 4288 clauso
2027 4269 2045 4305 ,
2090 4227 2691 4290 monstruosum
2750 4208 3041 4289 animal
3094 4224 3566 4317 repererunt
3621 4206 3902 4286 subtus

1100 4359 1423 4440 terram,
1457 4344 1827 4425 emittens
1851 4347 2243 4455 mugitum
2272 4347 2784 4446 horribilem3
2819 4344 3040 4460 quod
3069 4374 3244 4425 cum
3279 4344 3392 4425 illi
3423 4342 3902 4426 occidissent

1098 4498 1179 4560 et
1206 4482 1740 4584 extraxissent
1759 4481 1863 4562 de
1889 4501 2104 4564 terra
2123 4546 2144 4582 ,
2178 4486 2473 4568 multos
2502 4487 2974 4596 aspicientes
3001 4482 3200 4564 illud
3232 4484 3686 4594 obstupuit,
3718 4509 3904 4562 cum

1100 4647 1247 4699 nec
1274 4620 1533 4700 simile
1559 4618 1973 4702 vidissent.
2004 4622 2183 4702 Cati
2216 4622 2852 4734 magnitudinem
2878 4620 3351 4722 excedebat3
3383 4622 3657 4703 oculos
3679 4648 3902 4721 nam,-
4007 4699 4012 4708 .

1099 4785 1254 4868 que
1299 4759 1577 4867 igneos
1622 4776 1703 4837 et
1749 4760 2019 4839 omnia
2057 4761 2413 4841 membra
2457 4762 2609 4842 alia
2644 4760 3060 4842 dissimilia
3101 4760 3475 4841 habebat.
3521 4759 3671 4838 Per
3716 4774 3900 4837 octo

1097 4895 1346 4974 eciam
1380 4892 1550 4974 dies
1580 4913 1767 4974 ante
1800 4895 2247 5006 predictam
2287 4902 2951 4994 commocionem,
3000 4895 3134 4978 die
3170 4914 3575 5007 noctuque
3615 4894 3901 5004 globus
