4666 6014
1050 707 1194 780 488
1391 691 1396 695 ’
1496 698 2178 774 CHRONICORUM
2229 697 2586 772 KAROLI
2632 697 2921 771 *sEle
2968 699 3146 770 LIB.
3201 695 3395 773 vm.

1056 891 1094 930 <c
1136 857 1321 952 bus,
1366 872 1459 934 ut
1499 856 1612 934 sic
1647 851 2135 963 judicialiter
2180 853 2265 930 in
2309 880 2543 930 causa
2591 851 2854 931 lances
2899 849 3443 961 appendentes
3491 858 3698 961 equo
3753 855 3849 932 li-

1053 1027 1090 1064 «
1134 992 1536 1090 bramine,
1584 987 2027 1070 secundum
2075 992 2601 1098 quantitatem
2646 991 3012 1098 nequicie
3061 990 3469 1099 subjaceat
3514 993 3848 1100 punien-

1055 1164 1090 1202 «
1133 1126 1307 1208 dus.
1369 1163 1407 1202 »
1470 1129 1639 1207 Hac
1699 1130 2222 1235 responsione
2276 1127 2959 1207 conestabularius
3021 1145 3443 1208 contentus
3467 1191 3485 1226 ‚
3543 1132 3713 1237 regi
3766 1149 3845 1209 et

1044 1264 1517 1372 proceribus
1557 1261 1943 1344 valedicto
1969 1326 1987 1359 ‚
2031 1264 2470 1344 Britaniam
2526 1266 2821 1373 repetit
2868 1263 3056 1344 ‘cum
3101 1247 3372 1344 multis
3438 1284 3840 1373 pugnato-

1051 1402 1277 1482 ribus
1300 1464 1320 1500 ,
1363 1419 1453 1481 ut
1495 1401 2016 1510 perlustraret
2062 1399 2417 1481 securius
2471 1420 2770 1482 terram
2822 1431 3047 1481 suam
3095 1420 3332 1513 atque
3387 1421 3641 1490 castra
3680 1405 3844 1513 jam

1051 1538 1370 1619 redacta
1412 1539 1567 1619 sub
1600 1540 1818 1646 regia
1847 1555 2278 1645 potestate,
2315 1525 2407 1619 et¹
2427 1557 2517 1619 ut
2548 1569 2831 1638 novaS,
2862 1542 2930 1620 si
2964 1537 3120 1619 sibi
3161 1538 3677 1641 inferrentur,
3715 1544 3839 1622 in-

1040 1680 1289 1786 jurias
1319 1678 1624 1757 viribus
1647 1677 2005 1762 evitaret.

1963 1961 2636 2040 CAPITULUM
2696 1962 2890 2042 VII.

1761 2172 2252 2256 Derequnsione
2279 2171 2443 2232 ducis
2470 2169 2623 2232 sacta
2655 2172 2884 2233 nunciis
2915 2173 3116 2254 regiis,

1159 2406 1453 2502 Nuncii
1506 2407 1776 2514 igitur,
1823 2407 2045 2513 regio
2097 2404 2742 2513 obtemperantes
2788 2402 3051 2482 edi'cto
3072 2465 3091 2500 ,
3148 2401 3428 2484 ducem
3477 2406 3834 2489 celeriter

1045 2539 1426 2621 adeuntes
1454 2603 1474 2640 ,
1544 2544 1748 2650 ipsi,
1804 2541 2045 2621 veluti
2095 2542 2292 2650 jussi
2353 2541 2673 2620 fuerant
2700 2602 2720 2638 ,
2776 2560 3306 2650 preceperunt
3363 2546 3833 2625 auctoritate

1048 2679 1302 2785 regia,
1346 2696 1438 2757 ut
1477 2675 1692 2786 apud
1726 2677 2175 2756 Aurelianis
2213 2674 2314 2754 ad
2358 2694 2654 2755 certam
2686 2674 2896 2754 diem
2930 2695 3425 2783 compareret
3467 2677 3569 2757 ad
3623 2683 3830 2788 regis

1044 2817 1539 2922 presenciam
1562 2877 1582 2914 ,
1634 2833 1727 2895 ut
1773 2842 2137 2893 excessus
2198 2817 2351 2920 ipsi
2414 2814 3032 2893 satisfactionem
3078 2814 3513 2894 exhiberet.
3566 2818 3829 2917 Quam

1045 2951 1531 3061 legacionem
1578 2950 1938 3062 quamvis
1969 2979 2151 3030 cum
2194 2949 2704 3058 displicencia
2768 2949 3116 3049 audiret,
3164 2955 3248 3032 in
3301 2952 3509 3033 hanc
3561 2971 3826 3034 tamen

1044 3089 1527 3168 sentenciam
1569 3089 1883 3167 nunciis
1921 3089 2035 3167 sic
2077 3087 2424 3166 finaliter
2459 3087 2879 3194 respondit
2914 3119 2929 3166 ε
2970 3123 3006 3160 «
3042 3086 3196 3186 Ite,
3229 3093 3648 3189 carissimi,
3682 3095 3826 3191 ite,

1048 3261 1086 3300 <c
1126 3245 1205 3306 et
1239 3225 1572 3336 domino
1609 3254 1787 3305 meo
1827 3227 1995 3333 regi
2035 3227 2413 3304 nunciate
2451 3222 2732 3303 ducem
2775 3223 3184 3304 Britannie
3220 3247 3684 3335 promptum
3724 3228 3827 3308 ad

1046 3398 1084 3435 <c
1124 3365 1394 3443 omnia
1444 3391 1601 3475 que
1644 3392 1877 3443 suum
1925 3363 2361 3469 respiciunt
2406 3358 2916 3440 commodum
2965 3380 3044 3446 et
3096 3362 3528 3459 honorem,
3596 3395 3822 3472 para·
3954 3397 3956 3399 ’

1044 3534 1083 3573 <c
1114 3519 1442 3612 tumque
1475 3500 1629 3580 sibi
1664 3497 2124 3607 impendere
2144 3561 2162 3594 ,
2190 3497 2575 3609 quamdiu
2598 3500 2846 3577 vitam
2877 3496 3231 3596 duxerit,
3260 3500 3825 3611 obsequiosum

1045 3671 1082 3710 «
1114 3636 1613 3733 famulatum,
1655 3653 1736 3716 et
1773 3634 2284 3743 displicencie
2317 3636 2530 3743 regie
2567 3638 2882 3745 proprii
2912 3638 3332 3743 compositi
3368 3634 3825 3719 dissolucio-

1039 3806 1076 3846 <c
1108 3802 1291 3854 nem
1321 3774 1710 3854 veraciter
1728 3772 2146 3852 anteferre.
2185 3806 2223 3847 »
2259 3769 2411 3881 Adj
2422 3773 2577 3851 ecit
2607 3789 2685 3850 et
2718 3774 3008 3881 spiritu
3038 3773 3410 3881 superbie
3438 3774 3781 3881 agitatus
3802 3839 3820 3872 ,

1040 3938 1202 4021 quo
1246 3911 1673 4019 plurimum
1709 3909 2129 3990 laborabat
2161 3939 2177 3986 :
2216 3942 2254 3982 <c
2286 3908 2708 3988 Refferatis
2738 3927 3002 3988 tamen
3044 3907 3263 4020 quod
3293 3908 3687 4021 quidquid
3721 3915 3824 3991 ri-

1041 4080 1080 4118 «
1123 4076 1406 4155 gorose
1445 4066 1707 4128 actum
1744 4048 1938 4147 fuit,
1983 4074 2148 4125 non
2196 4046 2282 4124 in
2327 4062 2875 4154 contemptum
2916 4049 3077 4143 sui,
3121 4074 3289 4126 non
3332 4049 3415 4125 in
3460 4067 3819 4128 conesta-

1039 4217 1078 4259 ‹<
1119 4185 1513 4264 bularium
1535 4246 1554 4284 ,
1608 4184 1746 4266 sed
1797 4187 1883 4265 in
1928 4184 2344 4264 vassallum
2391 4185 2776 4264 baronem
2824 4201 2903 4262 et
2953 4182 3363 4264 subditum
3410 4184 3820 4267 Oliverum

1039 4357 1076 4394 «
1123 4319 1572 4403 dominium
1611 4323 1988 4427 exercuit,
2022 4323 2203 4433 jura
2237 4320 2554 4432 justicie
2582 4323 2862 4401 micius
2886 4350 3122 4433 quam
3148 4318 3511 4420 decebat,
3553 4344 3632 4405 et
3667 4353 3816 4432 pro

1036 4494 1074 4534 <c
1115 4478 1526 4567 comperto
1564 4460 1860 4540 habeat
1883 4457 2113 4570 'quod
2150 4487 2423 4539 errore
2461 4458 2893 4538 trahuntur
2941 4460 3080 4569 qui
3113 4463 3607 4541 contrarium
3646 4461 3816 4570 ejus

1035 4634 1075 4671 «
1114 4616 1554 4707 suggerunt
1597 4599 1948 4678 auribus.
1989 4598 2286 4676 Iterum
2319 4615 2437 4694 et,
2482 4598 2842 4708 quamvis
2874 4598 3205 4678 militem
3235 4626 3498 4678 meum
3538 4618 3816 4679 contu-

1037 4772 1072 4808 «
1116 4764 1416 4816 macem
1473 4753 1554 4815 et
1608 4753 1889 4815 contra
1942 4733 2210 4813 debite
2263 4732 2665 4815 fidelitatis
2710 4735 2892 4845 jura
2953 4753 3393 4815 versantem
3450 4735 3811 4815 indebito

1033 4908 1072 4947 t(
1114 4891 1534 4981 protegere
1576 4864 1885 4952 laboret
1937 4873 2388 4980 patrocinio
2411 4933 2431 4970 ,
2483 4890 2563 4951 et
2606 4901 2813 4980 pena
2866 4901 3004 4952 reo
3054 4871 3358 4954 inflicta
3413 4900 3593 4953 eum
3642 4901 3808 4952 non
