4666 6014
1130 671 1273 742 242
1595 660 2278 737 CHRONICORUM
2323 660 2682 736 KAROLI
2732 661 3017 737 81⁴:le
3064 665 3242 739 ΠΒ.
3284 666 3424 738 ἸΙΙ.

1215 817 1402 916 'Qui
1440 814 1645 920 regis
1681 840 1769 890 ac
1799 812 2260 920 principum
2288 813 2605 891 secretis
2652 809 3071 922 colloquiis
3086 839 3195 893 ex
3228 813 3497 894 officio
3543 820 3907 903 astabant

1128 951 1437 1033 assidue
1476 968 1555 1029 et
1583 950 1880 1044 motiva
1922 976 2190 1030 rerum
2230 950 2881 1057 contingencium
2912 968 3308 1030 noverant
3331 1013 3349 1049 ,
3401 952 3722 1035 eosdem
3781 987 3908 1038 re-

1126 1092 1398 1170 ferunt
1434 1089 1645 1172 inter
1677 1083 2262 1168 vicissitudines
2292 1089 2813 1196 negociorum
2841 1104 2921 1166 et
2948 1104 3480 1192 pretactarum
3500 1091 3909 1175 ulcionum

1127 1255 1365 1336 super
1430 1223 1973 1306 subsidiorum
2045 1223 2511 1304 collectione
2577 1220 3041 1333 aliquandiu
3116 1223 3644 1308 contendisse.
3726 1231 3910 1331 Que

1130 1364 1491 1475 quamvis
1567 1361 1980 1440 occasione
2045 1358 2616 1468 sopiendarum
2689 1386 3153 1466 guerrarum
3234 1378 3314 1439 et
3399 1367 3916 1470 reparacione

1133 1498 1635 1586 edificiorum
1675 1499 2084 1604 regiorum
2122 1498 2426 1578 scirent
2461 1523 2719 1603 nuper
2766 1493 3259 1591 introducta,
3302 1515 3381 1576 et
3421 1498 3829 1612 hucusque
3869 1533 3914 1582 a

1131 1654 1488 1743 tempore
1526 1631 1809 1712 Karoli
1857 1630 2214 1714 defuncti
2234 1691 2254 1729 ‚
2309 1631 2483 1710 sine
2529 1629 2907 1739 populari
2959 1657 3391 1729 consensu,
3437 1652 3532 1712 ut
3569 1637 3919 1747 antiqui-

1133 1790 1260 1850 tus
1318 1770 1597 1868 fiebat,
1654 1769 2058 1879 persoluta
2077 1830 2096 1866 ,
2153 1765 2485 1878 quidam
2533 1784 2799 1846 tamen
2840 1741 3029 1874 ‘ipsa
3092 1796 3259 1848 non
3319 1769 3566 1849 modo
3625 1773 3913 1853 iterum

1130 1906 1597 2015 repetenda,
1649 1904 1788 1984 sed
1842 1924 1921 1984 et
1968 1903 2341 2012 deinceps
2386 1905 2596 1982 sicut
2644 1929 2957 1980 merum
3013 1902 3465 1985 dominium
3517 1926 3597 1986 et
3644 1937 3915 1990 coram

1130 2046 1337 2150 regis
1387 2041 1790 2151 judicibus
1844 2040 2182 2145 dignum
2227 2037 2628 2118 ducebant
2675 2034 3114 2116 tractanda.
3173 2038 3327 2119 Sed
3366 2040 3690 2123 fuerunt
3734 2048 3914 2156 qui,

1130 2175 1568 2284 limpidiori
1609 2173 1838 2253 oculo
1879 2201 1978 2252 ex
2016 2173 2418 2280 preteritis
2463 2172 3028 2277 premecientes
3054 2172 3326 2254 futura
3345 2237 3364 2273 ,
3407 2205 3508 2256 ne
3559 2179 3916 2260 inaudita

1133 2289 1443 2394 novitas
1512 2309 1899 2418 generalis
1964 2307 2422 2388 rebellionis
2476 2306 2574 2385 in'
2622 2334 2871 2413 regno
2925 2306 3153 2388 daret
3204 2314 3656 2411 materiam,
3712 2317 3918 2395 viam

1135 2451 1446 2531 solitam
1478 2466 1751 2528 tenere
1778 2476 1928 2527 nec
1950 2446 2056 2526 ab
2082 2474 2172 2525 ea
2200 2442 2774 2545 consuluerunt
2806 2443 3242 2544 declinare3
3270 2451 3566 2559 quibus
3596 2450 3919 2546 tandem

1136 2587 1402 2668 extitit
1455 2586 2118 2693 obtemperatum.
2175 2583 2561 2666 Omnium
2615 2610 2807 2691 ergo
2850 2586 3255 2666 communi
3294 2584 3615 2668 decreto
3662 2608 3747 2669 et
3785 2620 3919 2674 as-

1133 2751 1406 2820 sensu,
1459 2721 1758 2831 ubique
1809 2747 2004 2800 voce
2031 2720 2460 2827 preconia,
2512 2717 3032 2827 preeuntibus
3090 2718 3343 2818 limis,
3393 2747 3539 2829 per
3579 2725 3919 2808 civitatis

1134 2859 1349 2938 bivia
1380 2857 1976 2966 proclamantur
2005 2853 2364 2936 subsidia
2383 2916 2402 2952 ,
2436 2871 2518 2934 et
2551 2870 2645 2934 ut
2689 2854 2873 2936 salis
2918 2855 3223 2962 gabella
3243 2918 3262 2954 ,
3302 2855 3406 2937 de
3447 2861 3753 2939 cunctis
3789 2889 3914 2939 re-

1138 2998 1288 3077 bus
1337 2994 1683 3077 venditis
1731 3024 1886 3105 pro
1931 2995 2139 3077 libra
2185 2991 2609 3075 duodecim
2655 2990 3002 3092 denarii,
3058 3022 3210 3103 pro
3264 2996 3623 3107 qualibet
3672 2999 3919 3080 cauda

1134 3133 1302 3210 vini
1335 3134 1727 3212 mensuris
1781 3148 2237 3239 comparata
2277 3146 2577 3241 ‘quarta
2624 3156 2810 3237 pars
2854 3146 2967 3227 et,
3016 3130 3140 3208 sin
3196 3108 3450 3230 aliter,
3498 3130 3919 3215 duodecim

1142 3265 1383 3346 solidi
1446 3267 1950 3346 exactoribus
2019 3268 2259 3374 regiis
2326 3265 2847 3345 solverentur.
2920 3265 3023 3343 Et
3080 3267 3195 3344 sic
3250 3267 3594 3374 populus
3640 3271 3920 3379 jugum

1140 3428 1572 3485 onerosum
1588 3463 1606 3500 ,
1684 3399 1905 3512 quod
1981 3400 2403 3512 hucusque
2468 3400 2903 3491 insolenter
2973 3412 3467 3487 recusaverat
3557 3423 3879 3510 portare
3898 3467 3916 3499 ,

1144 3556 1462 3619 coactus
1492 3540 1649 3618 fuit
1686 3539 1980 3618 subire.

1254 3677 1553 3756 Iterum
1575 3676 1686 3754 ab
1725 3676 2056 3786 antiquo
2092 3691 2477 3755 servatam
2526 3672 3183 3755 consuetudinem
3221 3673 3323 3754 de
3360 3673 3743 3783 eligendis
3799 3677 3920 3756 vel

1141 3810 1545 3891 mutandis
1584 3840 1681 3900 ex
1719 3809 2393 3920 prudencioribus
2437 3811 2742 3891 civibus
2773 3812 3193 3918 preposito
3227 3827 3307 3889 et
3348 3811 3693 3891 scabinis
3718 3874 3737 3910 ,
3780 3817 3919 3921 qui

1143 3974 1414 4026 causas
1454 3949 1663 4024 inter
1693 3965 2173 4027 mercatores
2203 3963 2461 4026 motas
2494 3947 2906 4025 occasione
2958 3948 3500 4026 communium
3536 3947 3657 4035 vel
3685 3953 3920 4056 pere-

1144 4083 1559 4189 grinarum
1592 4083 1973 4163 mercium
2002 4083 2544 4163 terminabant
2565 4143 2584 4179 ,
2622 4081 2900 4160 ultima
2948 4079 3079 4161 die
3119 4081 3356 4197 hujus
3400 4086 3694 4163 mensis
3737 4113 3923 4173 con-

1143 4218 1416 4297 siliarii
1500 4220 1698 4327 regii
1775 4217 2298 4300 decreverunt
2357 4219 2673 4329 penitus
2739 4216 3280 4315 anullandam,
3339 4235 3772 4313 statuentes
3830 4239 3922 4303 ut

1147 4352 1499 4434 officium
1543 4356 2047 4462 prepositure
2085 4372 2488 4434 exerceret
2524 4356 2666 4464 qui
2713 4355 2919 4460 regis
2951 4354 3418 4435 auctoritate
3463 4375 3544 4436 et
3583 4344 3756 4437 'non
3803 4361 3915 4435 ci-

1144 4494 1360 4572 vium
1391 4492 1880 4601 fungeretur.
1923 4492 2639 4573 Confraternitates
2669 4493 2912 4572 eciam
2930 4553 2950 4590 ,
2984 4491 3083 4572 ad
3126 4490 3637 4575 devocionem
3671 4494 3915 4585 eccle-

1146 4630 1446 4710 siarum
1479 4629 1952 4708 Sanctorum
1983 4647 2065 4708 et
2097 4656 2371 4708 earum
2412 4627 2895 4709 ditacionem
2924 4629 3423 4712 introductas
3442 4692 3462 4729 ‚
3496 4632 3581 4709 in
3616 4630 3918 4741 quibus

1149 4767 1354 4846 cives
1399 4783 1972 4846 consueverant
2002 4765 2429 4845 convenire
2448 4827 2467 4864 ,
2508 4783 2602 4847 ut
2631 4765 2865 4846 simul
2917 4762 3346 4873 gaudentes
3379 4766 3917 4876 epularentur.
