4666 6014
1144 688 1282 761 126
1627 683 2312 759 CHRONICORUM
2363 676 2721 760 KA‘RDLI
2769 678 3056 761 SEXTI
3106 689 3430 771 L1B.11.

1138 833 1241 914 ad
1285 854 1633 913 mensem
1682 834 1957 912 marcii
1998 854 2622 935 oenunoranteS,
2658 836 2901 917 multa
2946 837 3343 949 colloquia
3385 865 3565 918 cum
3609 841 3925 918 nunciis

1138 973 1355 1079 regis
1398 969 1684 1077 Anglie
1735 969 1951 1078 apud
1991 971 2540 1079 Lelinguehan
2602 974 3091 1069 habuerunt,
3135 992 3214 1053 et
3266 974 3562 1054 abhinc
3598 974 3929 1054 'fuerunt

1137 1108 1304 1187 dies
1339 1108 1627 1218 quieti,
1674 1132 1925 1218 usque
1976 1104 2079 1187 ad
2136 1134 2484 1187 mensem
2532 1109 2891 1189 octobris
2933 1110 3265 1189 firmatis
3308 1109 3673 1191 induciis.
3721 1108 3924 1191 Cum

1137 1244 1465 1353 prefatis
1496 1244 1810 1323 nunciis
1858 1245 2151 1323 iterum
2191 1245 2508 1354 Anglici
2551 1242 2946 1329 induciale
2991 1242 3222 1326 fedus
3269 1247 3752 1354 prolongare
3794 1246 3929 1328 de-

1046 1370 1057 1383 *
1134 1398 1588 1479 creverunt,
1632 1372 1828 1459 dum
1882 1398 2163 1461 tamen.
2207 1411 2349 1460 rex
2406 1382 2469 1459 F
2473 1384 2741 1462 rancie
2793 1411 3052 1491 regem
3099 1380 3509 1492 Hyspanie
3550 1412 3595 1461 a
3627 1386 3925 1490 treugis
4008 1428 4016 1441 ·

1133 1518 1286 1598 illis
1319 1520 1742 1624 exciperet.
1788 1516 1945 1597 Sed
1978 1518 2088 1596 ob
2119 1518 2275 1599 hoc
2306 1521 2632 1599 mittens
2665 1514 2768 1603 ad
2801 1549 2983 1600 eum
3017 1518 3436 1599 dominum
3476 1520 3519 1596 J
3524 1520 3927 1600 ohannem

1122 1655 1233 1736 -de
1260 1659 1462 1765 Rye,
1496 1685 1677 1736 cum
1714 1656 1962 1737 nollet
1995 1657 2459 1738 condicioni
2493 1677 2739 1757 stare,
2777 1686 2955 1739 cum
2991 1654 3103 1738 eis
3138 1687 3277 1739 rex
3307 1658 3617 1741 nullum
3643 1677 3926 1739 tracta-

1133 1813 1303 1876 tum
1344 1793 1666 1891 habuit,
1712 1792 2009 1875 malens
2049 1796 2260 1875 inter
2300 1788 2608 1876 sbcium
2660 1795 2976 1876 fidelem
3013 1797 3492 1889 continuare
3529 1825 3920 1895 amorem,

1130 1958 1370 2039 quam
1411 1931 1620 2011 inter
1652 1930 2147 2012 adversarios
2191 1946 2493 2013 novum
2533 1952 2962 2013 tractatum
3005 1933 3350 2015 firmare.

1245 2065 1421 2153 Hoc
1448 2084 1812 2174 tempore
1849 2092 2088 2147 soror
2121 2071 2332 2177 regis
2362 2070 2678 2150 Boemie
2699 2133 2717 2168 ,
2771 2068 2932 2148 filia
2979 2072 3485 2178 imperatoris
3533 2068 3923 2166 defuncti,

1132 2203 1298 2307 regi
1367 2202 1652 2310 Anglie
1727 2202 2135 2285 Richardo
2192 2207 2714 2286 matrimonio
2771 2204 3193 2315 copulatur
3224 2269 3242 2304 ‚
3299 2205 3399 2286 de
3443 2236 3599 2318 qua
3652 2225 3920 2286 tamen

1130 2335 1424 2417 liberos
1457 2368 1623 2419 non
1665 2343 2035 2450 suscepit.
2072 2350 2085 2361 '

2076 2608 2753 2701 CAPITULUM
2819 2610 2975 2690 IX.

1950 2840 2087 2905 Dux
2120 2842 2379 2907 Britanie
2414 2846 2555 2908 fecit
2581 2850 2702 2929 regi
2731 2848 3085 2930 homagium.
3183 2880 3202 2901 ι

1251 3071 1435 3149 Dux
1496 3067 1846 3150 Britanie
1907 3073 2314 3154 Johannes
2345 3137 2363 3172 ,
2407 3078 2561 3186 qui
2594 3139 2612 3174 ,
2678 3095 3018 3185 propter
3072 3079 3586 3159 enormitates
3638 3108 3922 3187 perpe-

1131 3224 1377 3285 tratas
1425 3207 1509 3285 in
1556 3235 1812 3318 regno
1843 3271 1861 3306 ,
1915 3212 2122 3317 regis
2186 3210 2672 3322 colloquium
2724 3211 3301 3310 reformidans,
3341 3212 3444 3292 ad
3494 3216 3665 3325 ejus
3698 3244 3925 3295 voca-

1129 3341 1441 3420 cionem
1512 3327 1880 3423 accedere
1939 3346 2363 3425 verebatur
2434 3377 2478 3426 a
2535 3376 2801 3427 mense
2868 3347 3278 3428 februario
3339 3368 3782 3450 transactO,
3844 3371 3923 3431 et

1126 3477 1538 3587 bucusque
1587 3476 1689 3557 ad
1743 3480 1912 3586 ejus
1959 3483 2455 3614 presenciam
2494 3486 2769 3564 venire
2814 3482 3265 3583 distulerat,
3324 3485 3463 3566 sed
3504 3486 3827 3568 tandem
3877 3518 3921 3567 a

1127 3616 1288 3691 suis
1330 3599 1685 3692 monitus
1718 3614 1939 3725 quod
1979 3618 2313 3696 omnino
2358 3599 2737 3698 indecens
2777 3638 2946 3699 erat
2987 3639 3066 3700 et
3103 3640 3383 3701 contra
3421 3621 3922 3731 disciplinam

1123 3749 1602 3849 honestatis,
1647 3755 1711 3831 si
1754 3754 2093 3862 amplius
2130 3747 2498 3837 differret
2543 3756 2645 3837 ad
2689 3785 2870 3839 eum
2912 3759 3322 3859 accedere,
3354 3764 3694 3844 maxime
3736 3792 3916 3842 cum

1125 3885 1278 3965 hoc
1327 3886 1699 3996 jurasset,
1753 3919 2083 3970 suorum
2127 3893 2475 3974 consiliis
2525 3898 3067 4008 acquiescens,
3116 3899 3477 3977 vicesima
3518 3915 3737 3976 sexta
3787 3896 3921 3978 die

1127 4026 1416 4102 mensis
1442 4027 1949 4133 septembris,
1985 4030 2574 4140 Compendium
2596 4034 2816 4115 venit
2850 4064 3030 4115 cum
3072 4037 3453 4114 comitatu
3483 4035 3741 4114 nobili
3777 4038 3924 4113 mi-

1123 4158 1357 4276 litum
1416 4178 1495 4238 et
1547 4161 1981 4262 baronum,
2028 4167 2171 4247 ubi
2221 4195 2363 4247 rex
2418 4173 2503 4248 in
2554 4170 2759 4250 saltu
2802 4172 3498 4286 Cosielvenacioni
3548 4172 3915 4268 vacabat,

1128 4312 1208 4372 et
1258 4293 1514 4375 eidem
1560 4296 2022 4381 fidelitatem
2076 4331 2300 4382 suam
2359 4306 2832 4386 manualiter
2867 4306 3238 4387 exhibuit
3276 4305 3377 4387 de
3416 4305 3706 4388 ducatu
3755 4305 3921 4386 Bri-

1123 4432 1338 4510 tanie
1380 4451 1459 4512 et
1499 4437 1879 4517 comitatu
1913 4417 2472 4522 Montisfortis.
