4666 6014
1102 642 1246 712 524
1570 632 2256 722 CHRONICORUM
2307 631 2664 706 KAROLI
2715 630 3001 705 81⁴:le
3050 631 3229 704 Lm.
3284 631 3421 704 IX.

1102 806 1263 867 tem
1335 803 1415 864 et
1460 784 1866 863 insolitam
1911 786 2160 882 taciti¹
2192 784 2719 870 mirabantur.
2783 782 2941 862 Alii
2982 799 3291 864 tantam
3339 781 3907 880 Alemanorum

1102 923 1512 1006 audaciam
1566 951 1746 1004 cum
1802 924 2233 1033 ampulosis
2290 941 2373 1003 et
2421 924 2822 1003 minarum
2859 922 3125 1002 verbis
3176 920 3474 1030 pleniS,
3531 920 3905 1031 indigna-

1106 1066 1337 1143 cione
1385 1091 1707 1174 quoque
1764 1061 2320 1173 perferebant3
2364 1061 2497 1141 alii
2538 1057 3181 1140 diffidenciarum
3221 1086 3495 1139 causas
3546 1060 3698 1140 sub
3756 1058 3904 1140 du·

1105 1201 1259 1280 biis
1315 1198 1761 1288 narrabant
1807 1197 2570 1280 adinvencionibus.
2628 1199 2730 1277 Et
2779 1226 3244 1311 quanquam
3295 1197 3660 1277 omnium
3721 1228 3908 1305 pars

1103 1340 1448 1418 maxima
1491 1338 1649 1417 hoc
1691 1338 1969 1420 fictum
2008 1366 2174 1418 esse
2215 1335 2668 1435 crederent,
2723 1334 2963 1444 sigilli
3009 1352 3276 1415 tamen
3317 1335 3738 1443 impressio
3792 1338 3907 1414 rei

1105 1472 1669 1576 certitudinem
1726 1476 2186 1584 exprimens
2244 1473 2573 1555 tandem
2630 1473 3127 1554 occasionem
3177 1469 3404 1551 dedit
3443 1470 3907 1583 inquirendi

1103 1609 1302 1723 quid
1339 1609 1527 1691 inde
1567 1609 1964 1720 agendum
2004 1630 2229 1692 esset.

1225 1751 1318 1829 In
1350 1749 1835 1829 consistorio
1865 1742 2331 1860 principum
2364 1748 2639 1829 habita
2670 1744 3259 1866 deliberacione
3298 1767 3905 1857 argumentosa,

1110 1886 1307 1965 varii
1338 1886 1595 1964 varias
1626 1902 2016 1994 promunt
2043 1888 2489 1966 sentencias
2504 1915 2529 1992 1;
2571 1902 2653 1964 et
2682 1882 3098 1965 dicebatur
3133 1885 3449 1994 publice
3477 1884 3700 1996 quod
3741 1885 3907 1965 dux

1113 2023 1412 2104 Biturie
1439 2025 1907 2134 Aequitanis
1935 2051 2202 2132 regem
2244 2020 2664 2104 ostendere
2689 2022 2889 2103 olim
2915 2020 3454 2102 desideratum
3486 2023 3859 2129 cupiebat
3887 2086 3905 2116 ‚

1114 2165 1444 2268 sperans
1504 2157 1766 2270 quod,
1844 2188 1989 2270 per
2045 2161 2217 2269 ejus
2267 2162 2762 2271 presenciam
2826 2187 3121 2268 pompa
3177 2159 3506 2239 militari
3556 2178 3861 2267 septam
3888 2222 3906 2256 ,

1114 2299 1323 2375 inter
1377 2296 1760 2404 Anglicos
1796 2314 1878 2377 et
1909 2275 2478 2405 compatriotas
2520 2279 2868 2378 Gallicos
2913 2297 3462 2377 continuatam
3502 2295 3911 2407 hucusque

1114 2429 1601 2513 discordiam
1653 2434 1959 2513 viribus
2007 2435 2128 2514 vel
2176 2436 2650 2515 tractatibus
2702 2434 3186 2514 terminaret.
3236 2433 3617 2512 Finaliter
3662 2436 3909 2512 eciam

1118 2570 1647 2649 concludebat
1697 2573 1862 2678 regi
1901 2573 2226 2652 minime
2252 2569 2893 2680 persuadendum
2928 2571 3099 2651 fore
3148 2590 3278 2668 ut,
3323 2591 3659 2681 propter
3710 2570 3907 2682 quid

1118 2702 1532 2785 modicum
1566 2721 1648 2785 et
1676 2708 1941 2805 inane,
1972 2707 2455 2818 longinquas
2481 2724 2561 2786 et
2590 2708 2906 2815 ignotas
2938 2706 3168 2788 adeat
3189 2707 3553 2815 regiones
3572 2769 3591 2805 ,
3616 2736 3760 2786 nec
3784 2705 3912 2786 de-

1117 2871 1293 2922 cere
1326 2844 1813 2951 majestatem
1845 2846 2147 2951 regiam
2175 2845 2601 2955 quicquam
2645 2845 2913 2942 subito
2948 2844 3066 2923 vel
3101 2846 3546 2952 impetuose
3589 2843 3905 2951 agredi,

1119 3005 1302 3058 cum
1335 2980 1677 3086 impetus
1717 2996 2002 3061 cuncta
2047 2979 2250 3059 male
2295 2979 2545 3065 soleat
2593 2979 3046 3059 ministrare
3066 3042 3086 3076 ,
3144 2976 3282 3060 sed
3317 3009 3628 3090 semper
3693 2978 3910 3060 lento

1121 3144 1391 3225 gressu
1432 3115 1866 3222 procedere
1887 3115 1990 3197 ad
2025 3118 2499 3226 injuriarum
2529 3114 2988 3197 vindictam.

1235 3253 1389 3331 Hic
1427 3279 1689 3332 sermo
1722 3255 2073 3362 optimus
2108 3253 2528 3337 videbatur
2552 3255 2638 3333 in
2663 3255 3205 3334 assistencium
3230 3256 3480 3336 oculis
3503 3316 3523 3354 ,
3557 3259 3712 3335 nisi
3749 3254 3912 3335 dux

1126 3387 1587 3496 Burgundie
1637 3388 2243 3499 expedicionem
2273 3393 2358 3471 in
2402 3391 2896 3501 Alemaniam
2951 3396 3667 3503 congruenciorem
3700 3394 3909 3471 mul-

1123 3529 1227 3606 tis
1269 3526 1731 3608 racionibus
1778 3545 2248 3636 perorasset.
2283 3530 2385 3607 Et
2432 3557 2611 3608 cum
2646 3529 3070 3636 prolixiori
3111 3548 3477 3609 sermone
3513 3526 3614 3607 ad
3659 3531 3907 3606 cervi-

1124 3666 1536 3745 cositatem
1588 3666 2120 3772 germanicam
2178 3663 2782 3773 deprimendam
2824 3667 3370 3749 assistencium
3426 3667 3738 3745 animos
3781 3668 3905 3744 in-

1126 3802 1532 3897 clinasset,
1587 3799 1912 3882 tandem
1953 3800 2441 3882 concludens
2478 3802 2752 3882 intulit
2794 3832 2810 3879 ε
2852 3836 2889 3875 «
2930 3803 3107 3883 Hiis
3157 3802 3401 3909 igitur
3456 3799 3906 3909 prelibatiS,

1128 3971 1164 4007 ι(
1208 3935 1537 4016 domine
1593 3937 1703 4015 mi
1744 3965 1919 4035 rex,
1963 3955 2056 4018 ut
2093 3967 2139 4017 a
2184 3936 2451 4017 fronte
2494 3940 2709 4046 regia
2749 3938 3002 4018 rubor
3057 3934 3696 4049 diffidenciarum
3727 3939 3908 4017 abs-

1130 4106 1167 4143 «
1210 4089 1607 4179 tergatur,
1665 4090 1748 4152 et
1801 4103 1902 4153 ne
1954 4075 2315 4155 Alemani
2380 4073 2754 4155 invadere
2804 4074 3156 4154 Gallicos
3215 4076 3707 4191 assuescant,
3772 4073 3908 4154 sed

1131 4242 1167 4280 «
1211 4226 1430 4287 metu
1463 4237 1730 4290 rerum
1767 4236 2089 4291 suarum
2115 4212 2460 4292 urbibus
2500 4240 2584 4291 se
2628 4214 3074 4310 continere,
3109 4212 3324 4291 salvo
3360 4215 3661 4291 saniori
3691 4210 3907 4318 judi-

1129 4380 1164 4418 «
1209 4346 1574 4443 c'io,huic
1609 4350 1948 4465 negocio
1979 4350 2344 4431 insistere
2374 4349 2711 4458 dignum
2735 4345 2967 4429 duco.
3008 4348 3389 4462 Alioquin
3416 4351 3630 4457 regie
3659 4351 3907 4458 pusil-

1131 4517 1167 4554 «
1203 4483 1627 4564 lanimitati
1697 4502 1778 4564 et
1840 4482 2139 4566 desidie
2210 4474 2602 4567 exercitus
2680 4487 3046 4601 gallicani
3106 4487 3584 4584 ascribetur;
3657 4503 3737 4564 et
3798 4488 3907 4564 sic

1124 4653 1161 4691 ι(
1195 4620 1478 4727 procul
1525 4618 1780 4701 dubio
1829 4624 2123 4702 erimus
2163 4622 2623 4705 Teutonicis
2678 4628 2763 4704 in
2819 4623 3211 4725 derisum3
3253 4643 3333 4705 et
3384 4625 3525 4736 qui
3577 4624 3908 4703 Francis

1119 4789 1159 4829 ιι
1200 4736 1655 4860 assolebant
1716 4777 1936 4868 terga
2016 4756 2240 4864 dare,
2321 4790 2535 4841 nunc
2591 4746 3015 4869 audaciam
3066 4778 3468 4842 resument
3521 4757 3622 4841 ad
3681 4763 3905 4867 regni
