4666 6014
1029 679 1179 768 ,464
1488 675 2172 751 CHRONICORUM
2222 675 2579 754 KAROLI
2626 672 2915 749 SEXTI
2964 673 3141 750 LIB.
3197 674 3358 750 Vn.
3400 742 3405 746 .

1038 863 1074 900 κ
1109 827 1437 907 domine
1476 829 1627 927 mi,
1671 829 1756 907 in
1799 828 2003 908 lecto
2037 846 2235 909 sunt
2272 847 2452 929 tuo;
2495 830 2765 939 sicque
2803 826 3145 907 Jacobus
3180 825 3252 905 le
3283 826 3477 907 Gris
3520 855 3617 906 ex
3660 825 3828 907 fido

1037 999 1075 1036 ι(
1115 965 1371 1045 hostis
1397 963 1673 1052 ,factus
1712 981 1854 1046 est.
1904 964 2310 1066 Ceterum,
2361 965 2719 1077 quamvis
2752 963 3066 1043 animus
3105 964 3382 1044 insons
3416 966 3522 1046 sit
3545 1026 3564 1064 ,
3606 961 3828 1077 quod

1036 1137 1074 1175 <c
1115 1118 1431 1182 tantum
1475 1129 1770 1212 corpus
1811 1104 1919 1183 sit
1961 1103 2344 1186 violatum
2373 1115 2592 1184 mors
2632 1103 2858 1183 testis
2888 1101 3045 1181 erit
3066 1160 3086 1198 ,
3124 1102 3211 1179 ni
3242 1099 3380 1182 des
3415 1100 3828 1183 dexteram

1041 1274 1079 1312 <c
1125 1236 1525 1349 fidemque
1553 1267 1722 1319 non
1753 1241 2082 1348 impune
2115 1238 2479 1326 adultero
2508 1239 2707 1321 fore.
2742 1273 2782 1314 »

1153 1373 1422 1456 Movet
1450 1378 1713 1496 virum
1743 1377 2064 1470 sceleste
2091 1378 2436 1479 facinus,
2469 1377 3039 1459 et'convocatis
3069 1377 3586 1488 propinquis,
3635 1405 3829 1458 con-

1038 1514 1341 1594 solatur
1397 1542 1674 1623 ,egram
1712 1516 2018 1616 anime,
2060 1514 2496 1600 avertendo
2557 1543 2854 1598 noxam
2892 1543 2939 1598 a
2971 1531 3241 1594 coacta
3281 1515 3370 1594 in
3425 1531 3833 1598 auctorem

1047 1649 1318 1740 delicti
1355 1682 1372 1738 ;
1418 1669 1770 1732 mentem
1815 1681 2186 1762 peccare,
2240 1681 2410 1733 non
2451 1680 2780 1760 corpuS,
2821 1669 2902 1732 et
2942 1647 3162 1732 unde
3206 1679 3639 1733 consensus
3686 1652 3829 1732 ab·

1042 1787 1288 1868 fuerit
1305 1849 1326 1885 ,
1367 1788 1680 1898 culpam
1713 1788 1986 1870 abesse
2017 1786 2450 1870 concludit.
2493 1785 2650 1868 Sed
2685 1787 2984 1870 frustra
3016 1784 3102 1867 id
3130 1784 3578 1896 persuadet.
3625 1789 3833 1868 Nam

1044 1920 1172 2003 die
1206 1942 1609 2036 noctuque
1640 1927 2009 2007 reiterate
2037 1925 2354 2038 querele
2390 1924 2722 2006 flectunt
2747 1922 3060 2005 virilem
3091 1924 3451 2003 animum
3480 1921 3584 2003 ad
3605 1922 3834 2032 justi-

1048 2062 1255 2141 ciam
1310 2063 1887 2150 instantissime
1934 2060 2499 2173 postulandam
2551 2079 2835 2142 contra
2887 2085 3136 2141 reum.
3195 2061 3396 2140 Cum
3449 2078 3713 2140 autem
3746 2064 3833 2141 in

1045 2203 1459 2310 presencia
1498 2202 1707 2309 regis
1747 2218 1829 2281 et
1859 2203 2263 2282 baronum
2293 2201 2776 2281 constitutus
2812 2197 3131 2296 fuisset,
3165 2216 3248 2278 et
3276 2200 3836 2280 enormitatem

1052 2335 1320 2417 delicti
1363 2311 1665 2449 absque
1703 2338 2257 2418 erubescencie
2299 2336 2473 2417 velo
2514 2339 2949 2425 seri'etenus
2990 2333 3417 2415 narrando·
3445 2336 3836 2415 reiteratis

909 2589 930 2596 ι
1046 2475 1353 2557 vicibus
1388 2477 1962 2588 etimportune
1993 2476 2507 2568 conclusisset
2541 2505 2560 2554 t
2609 2509 2648 2551 <c
2687 2474 2773 2555 Si
2802 2471 3391 2556 dilectissimam
3425 2471 3838 2583 deceptam

1053 2649 1090 2685 <c
1134 2630 1214 2693 et
1230 2612 1618 2715 violencia
1659 2615 2277 2696 circumventam
2307 2630 2545 2722 neget
2575 2614 2899 2726 iniquus
2927 2610 3331 2723 proditor,
3368 2638 3537 2714 non
3558 2637 3835 2691 recuso

1051 2782 1090 2820 <c
1131 2777 1487 2857 pugnam
1510 2752 2010 2836 committere
2037 2750 2546 2859 singularem,
2571 2784 2610 2825 ι»
2642 2748 2970 2834 tandem
3000 2734 3404 2829 militi'rex
3433 2748 3834 2844 assenciit‚

1050 2883 1248 2966 dum
1287 2903 1551 2965 tamen
1596 2887 1681 2968 in
1726 2887 2223 2995 parlamento
2257 2913 2406 2965 suo
2448 2883 2535 2964 id
2577 2886 2881 2993 justum
2924 2901 3458 2994 reputaretur.
3506 2882 3636 2968 Ibi
3662 2910 3836 2992 ,pro

1055 3040 1394 3132 utraque
1453 3040 1682 3131 parte
1740 3022 1849 3102 ab
1887 3022 2351 3105 oratoribus
2404 3022 2674 3102 electis
2715 3021 3174 3103 racionibus
3221 3022 3574 3130 allegatis
3592 3081 3612 3119 ,
3655 3044 3839 3100 eum

1054 3156 1586 3238 deformitatis
1615 3161 1907 3239 veritas
1946 3159 2284 3239 testibus
2313 3155 2697 3253 elucidari
2723 3186 2893 3238 non
2924 3174 3226 3267 posset,
3262 3174 3356 3237 ut
3383 3157 3839 3238 alterutrius

937 3390 949 3401 ·
1058 3294 1525 3402 oppinionis
1557 3276 1976 3401 integritas
1999 3276 2225 3374 nosci
2252 3309 2523 3402 posset
2544 3320 2691 3403 per
2717 3293 3160 3380 humanum
3178 3292 3597 3403 judicium,
3617 3321 3839 3373 man-

1055 3428 1239 3509 data
1293 3446 1413 3509 est
1473 3431 1943 3542 exequcioni
2006 3428 2181 3510 dari
2235 3429 2519 3539 regalis
2577 3433 3015 3531 sentencia,
3067 3449 3147 3512 et
3198 3431 3353 3511 hoc
3397 3428 3531 3510 die
3585 3432 3839 3510 sancti

1054 3567 1367 3648 Thome
1398 3562 1952 3649 decembris...
1991 3567 2144 3649 die.

1170 3705 1447 3787 Stante
1476 3708 1724 3815 igitur
1742 3735 2042 3789 corona
2064 3709 2281 3819 vulgi
2312 3680 2944 3809 innumerabilis,
2970 3737 3156 3818 rege
3178 3734 3498 3820 quoque
3519 3725 3602 3787 et
3627 3710 3842 3818 prin-

1061 3841 1373 3951 cipibus
1415 3841 1515 3923 de
1553 3872 1776 3927 more
1815 3847 2433 3946 circumlocatiS,
2477 3847 2772 3959 liteque
2804 3860 3246 3929 contestata
3286 3870 3559 3927 coram
3598 3845 3793 3953 ipsis
3822 3907 3842 3943 ,

1060 3980 1322 4061 locum
1360 3982 1633 4062 futuro
1676 3985 2095 4064 certamini
2136 3982 2607 4093 deputatum
2639 3985 2869 4095 juxta
2907 4010 3180 4064 muros
3218 3983 3469 4063 sancti
3512 3980 3843 4061 Martini

1063 4115 1164 4199 de
1201 4119 1527 4229 Campis
1568 4120 1808 4201 ambo
1842 4122 2221 4229 ingressi,
2257 4139 2592 4202 martem
2631 4119 2968 4202 dubium
2996 4120 3448 4229 experturi3
3497 4147 3846 4230 moxque

1062 4274 1335 4338 mutue
1373 4258 1810 4338 invasionis
1850 4286 1897 4338 a
1936 4232 2395 4339 marescallo
2434 4252 2669 4369 signo
2704 4256 2893 4338 dato
2918 4319 2938 4357 ,
2980 4284 3229 4369 equos
3261 4255 3724 4365 abigerunt,
3754 4258 3846 4333 'et

1064 4393 1374 4474 infestis
1404 4393 1765 4475 demissis
1797 4392 2081 4503 gladiis
2100 4458 2119 4496 ,
2153 4398 2375 4478 lento
2410 4424 2684 4506 gressu
2709 4392 3232 4505 procedentes
3251 4456 3270 4494 ,
3302 4410 3464 4473 tam
3493 4393 3848 4472 animose

1064 4558 1308 4642 quam
1364 4528 1738 4611 audacter
1789 4560 1872 4613 se
1917 4533 2401 4644 impingunt.
2445 4532 2575 4615 Ad
2618 4535 2859 4614 istum
2897 4535 3248 4643 primum
3278 4534 3666 4642 impetum
3701 4525 3849 4613 do-

1066 4658 1265 4744 mini
1310 4665 1700 4749 Johannis
1746 4668 2006 4751 femur
2059 4670 2257 4750 alter
2302 4669 2569 4780 gladio
2620 4670 3091 4780 perforavit3
3137 4688 3216 4751 et
3268 4670 3403 4749 hic
3451 4669 3654 4781 ictus
3693 4666 3851 4747 sihi

1065 4804 1410 4887 multum*
1457 4807 1921 4915 profuisset,
1981 4810 2047 4888 si
2103 4811 2189 4901 in
2239 4810 2522 4893 vulnus
2581 4809 2892 4895 domini
2932 4812 3171 4893 ‘illum
3227 4811 3647 4907 tenuisset3
3712 4801 3852 4887 sed
