4666 6014
1086 657 1229 730 586
1570 634 2253 720 CHRONICORUM
2305 642 2663 718 KAROLI
2713 642 2999 716 SEXTI
3050 643 3226 715 LIB.
3282 642 3385 714 X.

1091 825 1566 913 quamquam
1599 795 2295 877 dilectissimorum
2348 805 2870 906 cognatorum
2918 822 3309 874 recessum
3365 820 3548 901 egre
3585 794 3835 877 'ferret
3860 858 3881 894 ,

1093 939 1308 1017 hunc
1340 953 1601 1015 tamen
1624 934 2148 1013 necessarium
2182 951 2592 1042 reputans,
2629 950 2710 1012 et
2738 933 3010 1012 volens
3045 928 3378 1011 reddere
3407 933 3884 1039 graciosum,

1097 1073 1199 1154 ad
1255 1068 1946 1154 corroborandum
1999 1087 2358 1151 mutuam
2405 1071 2876 1170 amiciciam,
2922 1070 3198 1149 statuit
3235 1087 3329 1150 ut
3370 1091 3552 1149 mm
3590 1097 3887 1179 pompa

1096 1209 1515 1320 magnifica
1554 1207 1743 1288 alias
1772 1199 2128 1287 inaudita
2173 1203 2487 1288 noviter
2529 1210 3128 1315 accingerentur
3168 1197 3493 1287 baltheo
3527 1208 3878 1287 militari.

1105 1353 1207 1429 Et
1247 1350 1432 1458 quia
1464 1364 1817 1429 veterum
1870 1347 2259 1426 relacione
2313 1347 2890 1425 solemnitatem
2941 1362 3132 1424 tunc
3176 1362 3579 1452 peractam
3616 1371 3892 1425 omnes

1106 1490 1297 1568 alias
1352 1463 1785 1565 transactas
1850 1479 2090 1564 simili
2158 1486 2571 1564 occasione
2645 1481 3063 1593 ‘exquisitis
3131 1482 3581 1590 sumptibus
3658 1500 3895 1592 atque

1107 1622 1553 1705 recentibus
1590 1623 1909 1729 pompis
1951 1623 2366 1730 cognitum
2411 1640 2530 1701 est
2569 1622 3024 1718 excessisse,
3067 1618 3409 1713 idcircO‚
3468 1622 3660 1728 ipsis
3703 1648 3893 1729 per-

1108 1761 1622 1844 suadentibus
1643 1823 1662 1860 ,
1706 1760 1808 1841 ad
1852 1778 2309 1868 perpetuam
2341 1761 2512 1871 ejus
2542 1760 3012 1840 memoriam
3043 1759 3250 1839 hanc
3286 1756 3897 1866 describendam

1111 1902 1423 1996 censm'3
1471 1917 1551 1978 et
1595 1901 1662 1977 si
1712 1898 1866 1977 hoc
1905 1915 2128 1977 extra
2152 1955 2173 1995 ,
2212 1926 2381 1976 non
2413 1916 2674 1977 tamen
2703 1958 2722 1995 ,
2762 1913 2853 1975 ut
2884 1896 3262 1994 arbitror,
3296 1914 3577 1978 contra
3610 1900 3892 1977 seriem

1116 2040 1469 2146 hystorie
1503 2037 1944 2142 interposui
1982 2020 2135 2143 pro
2177 2033 2708 2115 delectacione
2738 2033 3079 2113 lectoris.

1228 2172 1353 2253 Ad
1399 2173 1876 2253 celebritatis
1909 2171 2220 2251 famam
2277 2173 2442 2251 oris
2503 2170 3076 2276 remocioribus
3119 2155 3696 2279 'divulgandam
3722 2234 3742 2269 ,
3804 2175 3889 2251 in

1126 2311 1610 2390 Alemaniam
1640 2369 1659 2406 ,
1699 2307 2106 2415 Angliam,
2141 2308 2377 2416 longe
2403 2308 2714 2418 lateque
2757 2336 2898 2414 per
2939 2335 3274 2416 regnum
3310 2336 3668 2388 cursores
3708 2310 3901 2418 regii

1121 2446 1580 2554 diriguntur
1611 2461 1687 2523 et
1739 2446 2051 2543 nuncii,
2085 2446 2221 2553 qui
2260 2447 2674 2554 utriusque
2705 2469 2935 2523 sexus
2969 2446 3543 2554 ingenuitatem
3580 2445 3902 2525 oraculo

1122 2587 1293 2663 vive
1332 2584 1546 2661 vocis
1568 2598 1663 2660 et
1696 2582 2054 2687 apicibus
2097 2583 2529 2660 invitarent
2562 2578 2662 2659 ad
2702 2580 3281 2660 solemnitatem
3327 2583 3411 2659 in
3443 2581 3623 2662 villa
3654 2583 3907 2662 sancti

1133 2720 1497 2828 Dyonisii
1530 2745 1783 2825 prope
1822 2719 2168 2798 Parisius
2205 2714 2762 2826 peragendam.
2813 2718 3041 2797 Hanc
3079 2717 3343 2798 villam
3386 2741 3522 2796 rex
3570 2718 3909 2827 elegerat

1128 2872 1460 2963 propter
1532 2854 1700 2961 ejus
1769 2857 2314 2960 capacitatem,
2387 2883 2539 2964 que
2601 2884 2752 2963 pro
2816 2854 3553 2961 supervenientibus
3620 2858 3908 2936 exteris

1132 2989 1600 3073 credebatur
1637 2987 2017 3075 sufficere.
2050 2983 2409 3073 Abbacia
2445 3009 2708 3074 tamen
2743 3022 2895 3101 pro
2931 2991 3203 3103 regina
3249 2989 3913 3107 dominarumque

1136 3132 1432 3239 insigni
1489 3129 2017 3210 contubernio
2076 3148 2417 3231 retenta,
2475 3158 2626 3239 pro
2676 3124 3084 3212 officiariis
3138 3149 3375 3240 atque
3436 3134 3632 3212 viris
3695 3131 3910 3212 illus-

1135 3264 1395 3348 tribus
1448 3258 1547 3347 de
1590 3270 1810 3376 regio
1863 3271 2244 3376 sanguine
2285 3271 2743 3377 procreatis.
2790 3248 3161 3353 Attamen
3205 3271 3392 3379 quia
3423 3271 3602 3350 sine
3639 3269 3914 3359 demo-

1135 3410 1423 3489 licione
1454 3394 1987 3519 quorumdam
2022 3405 2516 3488 edificiorum
2538 3471 2556 3506 ‚
2591 3426 2725 3489 aut
2751 3409 3030 3490 saltem
3058 3407 3310 3489 divini
3341 3408 3584 3489 officii
3618 3437 3708 3488 ac
3745 3411 3916 3489 Dee

1124 3546 1426 3653 jugiter
1490 3545 2012 3633 serviencium
2061 3544 2615 3653 religiosorum
2681 3543 3254 3654 impedimento
3324 3570 3489 3625 nm
3551 3545 3872 3626 modico
3899 3608 3918 3643 ,

1136 3673 1355 3760 locus
1410 3680 1805 3761 sufficiens
1856 3679 1959 3760 ad
1998 3683 2360 3761 convivia
2417 3685 2632 3791 regia
2685 3676 3164 3762 celebranda
3201 3684 3529 3760 minime
3579 3684 3916 3788 reperie-

1124 3817 1401 3915 -batur,
1430 3819 1518 3895 in
1542 3817 1833 3926 majori
1866 3821 2091 3898 curia
2121 3817 2336 3899 dicte
2363 3817 2645 3899 domus
2669 3882 2688 3917 ,
2723 3821 3068 3899 evocatis
3103 3820 3241 3928 qui
3274 3818 3511 3927 lignis
3549 3815 3919 3898 dolandis

1140 3970 1220 4032 et
1287 3952 1693 4062 erigendis
1757 3954 2510 4065 complanandisque
2579 3950 2950 4036 'trabibus
3013 3950 3430 4036 habebant
3497 3950 3920 4067 periciam,

1143 4090 1399 4169 aulam
1457 4096 1812 4172 construi
1873 4096 2262 4200 precepit,
2329 4092 2552 4203 cujus
2621 4087 3040 4203 longitudo
3115 4111 3460 4207 quatuor
3540 4112 3618 4174 et
3708 4123 3929 4179 sexa-

1145 4230 1364 4338 ginta
1430 4257 1709 4339 passus
1774 4227 2184 4311 excederet
2212 4293 2231 4327 ,
2290 4222 2628 4314 latitudo
2692 4259 2880 4311 vero
2953 4230 3516 4312 duodenorum
3569 4234 3925 4341 spacium

1146 4364 1614 4449 contineret.
1694 4346 2057 4448 Altitudo
2121 4371 2388 4451 autem
2458 4371 2629 4481 ejus
2704 4373 3107 4478 tegumine
3183 4370 3699 4479 operiebatur
3770 4369 3924 4460 du-

1146 4504 1374 4612 plici,
1416 4505 1752 4585 interius
1789 4505 2088 4586 scilicet
2134 4506 2309 4589 telis
2353 4509 2595 4589 lineis
2631 4507 3074 4619 bispertitis
3129 4536 3234 4588 ex
3263 4509 3581 4589 alboet
3632 4507 3872 4589 viridi
3901 4570 3923 4607 ,

1149 4642 1492 4721 exterius
1544 4670 1732 4722 vero
1787 4643 1947 4722 tela
1992 4644 2168 4723 alba
2219 4674 2400 4726 cum
2469 4665 2741 4729 sutura
2806 4648 3028 4727 tenui
3095 4646 3326 4726 simul
3386 4647 3660 4757 juncta
3679 4709 3698 4744 ,
3743 4674 3929 4757 -que

1142 4809 1193 4859 a
1248 4782 1699 4861 summitate
1768 4778 2269 4891 dependens,
2300 4802 2394 4864 ·et
2452 4783 2554 4863 ad
2614 4784 2857 4864 latera
2899 4806 3318 4866 mrorum
3373 4786 3591 4864 curie
3641 4785 3927 4865 iterum
