4666 6014
1131 710 1275 783 658
1592 685 2276 774 cuaomcoRUM
2327 667 2684 770 RAnom
2734 691 3020 778 sux'n
3070 688 3247 768 Lm.
3302 685 3438 766 xl.

1133 890 1171 932 ιι
1211 852 1388 935 cilia
1425 849 1751 960 aggredi
1786 851 2036 932 virtus
2077 863 2311 927 amat.
2350 847 2448 927 In
2491 846 2824 926 instanti
2870 843 3337 925 discrimine
3376 871 3543 922 non
3580 843 3917 925 consilio

1135 1027 1173 1070 <c
1215 1018 1418 1101 opus
1488 1005 1646 1086 est;
1705 1004 2005 1098 quanta
2069 987 2608 1096 cujuscunque
2671 985 2940 1064 animo
3002 978 3331 1061 audacia
3388 982 3630 1080 inest,
3700 1011 3919 1062 nunc

1133 1163 1170 1204 (ε
1212 1123 1501 1234 pateat.
1547 1124 1782 1233 Agite
1837 1122 2173 1204 viriliter
2214 1150 2430 1202 nunc
2470 1117 2688 1230 quod
2734 1121 3024 1218 instat3
3061 1116 3163 1199 de
3203 1117 3573 1198 hostibus
3629 1119 3916 1198 trium-

1132 1299 1170 1338 «
1210 1265 1462 1373 phum
1514 1241 1827 1340 mecum
1875 1260 2160 1367 petite,
2212 1276 2293 1338 et
2335 1259 2528 1369 quia
2568 1286 2737 1337 non
2790 1255 2876 1337 in
2914 1282 3250 1348 numero
3278 1317 3297 1353 ‚
3327 1253 3468 1336 sed
3507 1256 3595 1333 in
3626 1256 3923 1335 virtute

1133 1438 1170 1477 <c
1207 1403 1554 1496 militum
1619 1396 1806 1479 belli
1879 1397 2133 1506 gloria
2196 1400 2347 1477 sita
2400 1414 2539 1506 lest
2610 1375 2993 1505 precipue
3027 1456 3047 1491 ‚
3122 1393 3493 1473 invocato
3566 1391 3666 1473 de
3728 1392 3913 1472 celis

1095 1531 1168 1618 ἐ(
1210 1538 1543 1637 auxilio,
1584 1536 1824 1615 Jhesu
1871 1535 2238 1632 Christo,
2280 1533 2507 1642 cujus
2533 1561 2850 1628 ‘causam
2898 1531 3167 1642 agitis,
3199 1531 3315 1610 rei
3357 1530 3662 1609 exitum
3695 1557 3920 1614 com-

1136 1712 1173 1753 <c
1211 1672 1604 1764 mendetis
1629 1735 1649 1772 ,
1680 1673 1806 1756 cui
1847 1671 2077 1763 facile
2120 1697 2431 1780 semper
2459 1671 2618 1752 fuit
2651 1698 2832 1750 cum
2860 1669 3134 1778 paucis
3163 1669 3415 1748 eciam
3456 1668 3920 1748 innumera·

1134 1849 1171 1892 <c
1211 1814 1412 1895 biles
1464 1837 1865 1921 superare.
1914 1843 1953 1885 x·
2004 1806 2286 1892 Finem
2326 1824 2667 1920 'quoque
2727 1804 3446 1888 commendabilem
3488 1802 3855 1886 ⁴reddens
3893 1835 3910 1884 :

1136 1983 1172 2025 (ι
1224 1950 1524 2046 Dubia,
1559 1948 1865 2058 inquit,
1916 1946 2079 2026 alea
2102 1944 2480 2053 jactanda
2510 1963 2673 2044 est3
2706 1972 2909 2053 opus
2945 1961 3063 2025 est
3091 1960 3180 2023 ut
3216 1971 3434 2023 nunc
3458 1942 3925 2022 necessitate
4054 1985 4059 1990 ·

1152 2122 1190 2162 <c
1229 2088 1482 2167 virtus
1518 2100 1924 2191 augeatur.
1962 2116 2001 2156 >³
2297 2054 2305 2062 “
3574 2073 3587 2080 ’

1248 2223 1352 2303 Et
1388 2223 1535 2301 hec
1592 2219 1867 2301 dicens
1942 2248 2122 2299 cum
2182 2201 2567 2300 naviculis
2630 2219 2989 2328 precepit
3045 2216 3148 2297 ad
3198 2216 3467 2296 hostes
3515 2212 3881 2295 accedere
3902 2275 3921 2309 ‚

1135 2386 1476 2471 quorum
1517 2357 1685 2467 jam
1724 2355 2193 2465 sagittarum
2233 2353 2585 2435 densitas
2620 2356 2872 2435 instar
2925 2352 3343 2464 grandinis
3384 2377 3645 2433 aerem
3686 2378 3924 2431 occu-

1138 2496 1409 2605 pabat.
1460 2494 1556 2573 In
1603 2493 1757 2573 hoc
1807 2492 2128 2573 mortali
2182 2492 2602 2612 conflictu,
2647 2492 2880 2572 multi
2924 2520 3023 2572 ex
3062 2510 3401 2608 utraque
3452 2506 3683 2599 parte
3735 2515 3913 2568 cor-

1108 2649 1508 2728 -ruerunt3
1549 2628 1689 2711 sed
1719 2630 2045 2711 tandem
2081 2646 2348 2711 tractu
2379 2629 2811 2714 missilium
2844 2649 2924 2712 et
2962 2630 3428 2740 sagittarum
3459 2617 3561 2708 ab
3592 2626 3753 2707 hiis
3785 2628 3924 2742 qui

1140 2771 1228 2850 in
1285 2768 1618 2852 castellis
1674 2769 1998 2848 navium
2049 2785 2279 2846 erant
2327 2765 2818 2877 perdurante
2839 2830 2859 2866 ‚
2914 2768 3233 2876 Anglici
3299 2768 3539 2876 primi
3582 2787 3924 2873 occupa-

1141 2922 1432 2985 verunt
1477 2905 1861 2986 harenam
1879 2964 1900 3002 ‚
1939 2930 2142 3012 quos
2181 2921 2264 2984 et
2297 2904 2539 2986 ceteri
2585 2905 2901 3017 sequuti
2942 2920 3135 2986 sunt
3156 2967 3176 3002 ‚
3213 2921 3294 2985 et
3326 2904 3598 2986 hostes
3646 2900 3923 3012 fugere

1142 3041 1734 3152 compulerunt3
1792 3039 2138 3152 indeque
2199 3061 2461 3122 castra
2512 3045 2827 3140 metati,
2879 3041 3323 3152 presidium
3367 3044 3922 3152 imposuerunt

1143 3178 1481 3258 navibus
1501 3239 1521 3276 ,
1562 3196 1652 3257 ut
1690 3176 2017 3259 liberius
2058 3196 2498 3259 tractarent
2537 3178 2948 3289 quomodo
2989 3175 3175 3261 villa
3204 3178 3631 3279 obsidione
3662 3180 3925 3285 cinge-

1143 3332 1383 3395 retur.
1441 3315 1609 3394 Hec
1646 3316 1731 3394 in
1775 3317 2132 3423 margine
2158 3319 2412 3397 maris
2450 3319 2635 3416 sita,
2690 3319 2917 3429 quasi
2964 3317 3520 3425 triengularem
3573 3315 3915 3396 formam

1139 3452 1469 3551 bahem,
1497 3454 1755 3532 cincta
1785 3471 1956 3533 erat
1983 3481 2217 3533 muro
2247 3470 2326 3534 et
2350 3454 2707 3535 turribus
2737 3455 3293 3569 frequentibus
3327 3455 3525 3533 mira
3552 3452 3909 3560 spissitu-

1142 3588 1330 3673 dine
1367 3609 1448 3670 et
1485 3582 1838 3697 congrua
1872 3593 2414 3699 proporcione
2443 3592 2951 3690 sublimibus,
2986 3619 3141 3704 que
3173 3592 3661 3672 concavitate
3696 3614 3915 3668 cares

1081 3788 1086 3799 .
1140 3728 1342 3807 bant
1360 3790 1378 3825 ,
1429 3725 1687 3809 donec
1724 3727 2226 3836 superficiem
2277 3744 2488 3810 terre
2527 3732 3016 3840 attigissent;
3066 3746 3147 3809 et
3192 3757 3373 3809 cum
3409 3725 3695 3807 domus
3734 3718 3912 3805 ville

1142 3864 1658 3945 subterranee
1722 3872 1998 3944 omnes
2054 3883 2352 3962 essent,
2411 3884 2813 3974 equestres
2864 3864 3019 3945 viri
3075 3881 3155 3945 et
3221 3860 3622 3972 pedestres
3679 3842 3918 3967 super

1145 4027 1414 4080 muros
1458 4000 1743 4079 leniter
1812 3999 1913 4080 ad
1962 4000 2494 4111 resistendum
2548 4000 3107 4083 ascendebant.
3169 3999 3264 4079 In
3320 3999 3521 4080 urbe
3575 3997 3917 4107 populus

1141 4137 1437 4216 multus
1465 4154 1657 4216 erat.
1706 4138 1949 4217 Turci
1996 4167 2316 4251 quoque
2358 4167 2509 4248 pro
2545 4139 2696 4219 hac
2745 4140 3072 4220 multam
3120 4137 3506 4247 gerebant
3536 4135 3917 4217 sollicitu-

1144 4271 1450 4372 dinem,
1501 4274 1979 4355 arbitrantes
2010 4275 2232 4387 quod
2278 4280 2346 4357 si
2396 4278 2526 4357 illa
2567 4276 2975 4361 defficeret
3006 4279 3093 4355 in
3126 4275 3745 4355 christianorum
3785 4301 3916 4353 ve-

1143 4411 1371 4489 niens
1426 4408 1861 4508 dicionem,
1885 4406 2151 4492 *nichil
2213 4431 2544 4494 restaret
2600 4414 2815 4496 aliud
2869 4402 3112 4524 quam
3165 4431 3256 4492 ut
3306 4411 3566 4491 libero
3621 4428 3702 4489 et
3746 4411 3917 4489 sine

1143 4544 1611 4627 difficultate
1640 4574 1954 4631 accessu
1986 4578 2321 4658 regnum
2348 4549 2672 4632 Tunicii
2699 4551 3089 4632 violenter
3116 4549 3579 4659 occupaturi
3606 4546 3915 4628 descen-

1140 4680 1444 4807 derent.
1479 4683 1929 4765 Utebantur
1960 4714 2151 4795 ergo
2180 4715 2271 4768 ea
2309 4690 2533 4798 quasi
2568 4718 2721 4798 pro
2753 4719 3022 4791 mur03
3056 4717 3272 4771 arma
3300 4712 3620 4799 quoque
3655 4700 3735 4767 et
3789 4710 3913 4765 re·-

1142 4842 1455 4906 centem
1483 4824 1858 4905 miliciam
1893 4825 2008 4906 ibi
2048 4824 2535 4910 direxerant.
