4666 6014
1098 669 1243 743 490
1541 627 2229 738 fflnomconuM
2277 655 2634 734 KARom
2682 656 2970 734 sssxn
3018 656 3195 733 ms.
3250 657 3446 735 vm.

1104 851 1154 891 ‹c-
1181 812 1468 895 debeat
1524 807 1626 892 ad
1679 808 2174 896 iracundiam
2227 838 2666 921 provocare
2693 872 2712 910 ,
2769 827 3040 891 tamen
3091 826 3277 890 ante
3332 808 3888 891 excellenciam

1102 987 1141 1027 <t
1181 952 1479 1060 regiam
1507 950 1751 1028 inicio
1776 965 2204 1058 sequuture
2235 950 2503 1029 estatis
2536 948 3021 1058 comparebo
3043 1008 3062 1046 ,
3094 974 3338 1056 super
3369 944 3703 1057 objectis
3731 973 3891 1027 res-

1101 1122 1139 1163 «
1180 1086 1848 1196 ponsurus.Tunc
1878 1086 2428 1168 inobediencie
2465 1086 2633 1197 ejus
2662 1113 2757 1166 ac.
2785 1083 3243 1165 rebellionis
3274 1100 3506 1164 notas
3552 1081 3887 1164 intendo

1108 1259 1145 1299 (ι
1188 1201 1451 1333 palam
1478 1222 1872 1332 detegere,
1904 1241 1984 1304 et
2011 1219 2333 1306 confido
2366 1223 2465 1304 de
2494 1219 2933 1334 prudencia
2961 1221 3599 1302 consiliariorum
3625 1222 3886 1329 regni,
3910 1257 3917 1266 ·

1105 1395 1144 1435 <c
1189 1359 1409 1470 quod
1430 1422 1449 1460 ‚
1488 1362 1556 1441 si
1592 1358 1952 1468 predicta
2006 1362 2092 1441 in
2142 1380 2434 1443 statera
2476 1359 2761 1471 judicii
2804 1356 3361 1470 appendentur
3403 1385 3610 1466 equo
3657 1355 3892 1436 libra·

1104 1529 1143 1572 <c
1182 1496 1400 1575 mine
1421 1557 1442 1594 ,
1484 1497 1729 1576 vitam
1773 1524 1997 1576 suam
2041 1498 2152 1577 ob
2190 1497 2506 1606 culpam
2543 1497 2925 1576 scelerum
2962 1465 3395 1576 decernent
3437 1522 3621 1574 cum
3656 1493 3887 1601 igno-

1108 1669 1146 1708 «
1186 1635 1439 1726 minia
1470 1632 2080 1714 terminandam.
2116 1668 2156 1710 2>

1214 1794 1392 1872 Hiis
1416 1792 1990 1902 prolixioribus
2018 1794 2281 1874 verbis
2313 1795 2732 1902 peroratis,
2752 1795 3093 1874 nuncios
3125 1791 3360 1875 donis
3381 1791 3890 1873 uberioribus

1104 1929 1540 2008 cumulatos
1608 1928 1710 2009 ad
1741 1914 2040 2038 ‘regem
2099 1930 2407 2009 remisit
2431 1990 2450 2028 ,
2498 1931 2638 2040 qui
2698 1932 3215 2039 responsione
3270 1944 3694 2010 contentus
3717 1987 3736 2025 ‚
3798 1944 3890 2005 ut

1104 2066 1522 2174 alumpnus
1570 2064 2037 2164 concordie,
2091 2068 2462 2177 equitatis
2493 2084 2573 2146 et
2613 2067 2930 2176 justicie
2953 2128 2973 2164 ,
3020 2068 3394 2177 promisit
3434 2092 3517 2145 se
3551 2064 3715 2143 vita
3759 2090 3888 2142 co-

1104 2204 1295 2283 mite
1340 2203 1496 2283 huc
1542 2204 1843 2284 iturum
1888 2202 2097 2282 circa
2139 2200 2573 2286 terminum
2617 2193 3032 2309 prefixu'm.

1999 2535 2672 2617 CAPITULUM
2729 2536 2980 2619 VIII.

1261 2769 1350 2829 De
1378 2767 1732 2829 dissensione
1761 2779 1920 2830 mota
1952 2767 2110 2828 iuter
2132 2766 2586 2830 Universitatem
2622 2767 3000 2832 Parisiensem
3028 2779 3088 2834 et
3112 2767 3314 2830 &atres
3342 2767 3744 2851 predicatores.

1219 2998 1432 3075 Dum
1489 2994 1933 3104 agebantur
1989 2994 2350 3106 predicta
2381 3060 2400 3098 ,
2468 3000 2805 3081 Francie
2865 2998 3103 3081 decus
3158 2999 3536 3082 eximium
3562 3061 3583 3099 ,
3640 3026 3878 3083 vene-

1106 3130 1359 3213 randa
1387 3132 1847 3214 Parisiensis
1892 3133 2410 3237 Universitas‚
2453 3139 2974 3221 scienciarum
3012 3140 3242 3246 origo
3274 3154 3355 3218 et
3382 3135 3615 3217 radix
3644 3134 3891 3218 dulci-

1106 3267 1263 3348 flua
1284 3331 1303 3366 ,
1363 3267 1815 3351 labruscam
1876 3273 2447 3352 amarissimam
2466 3336 2486 3373 ,
2548 3274 2876 3354 fratrem
2939 3274 3236 3354 scilicet
3289 3273 3333 3352 J
3335 3273 3735 3355 ohannem
3790 3269 3890 3351 de

1106 3403 1626 3506 Montesono,
1670 3405 1982 3487 ordinis
2022 3407 2652 3518 predicatorum,
2705 3409 3119 3493 doctorem
3159 3413 3244 3490 in
3286 3439 3508 3492 sacra
3548 3409 3839 3519 pagina
3864 3470 3884 3507 ,

1103 3541 1478 3653 protulit,
1519 3543 1802 3646 multis·
1829 3543 2199 3658 equidem
2244 3520 2570 3633 laudum
2615 3548 2867 3631 titulis
2920 3546 3501 3647 extollendum,
3543 3546 3700 3627 nisi
3740 3540 3880 3625 de-

1102 3681 1326 3761 vians
1362 3709 1411 3761 a
1452 3682 1804 3767 racionis
1844 3684 2200 3784 tramite,
2245 3684 2836 3796 limpitudinem
2877 3686 3179 3796 ingenii
3204 3686 3412 3766 tanti
3438 3683 3591 3763 viri
3610 3709 3883 3790 super-

1107 3816 1241 3897 bia
1279 3819 1799 3899 obscurasset.
1843 3817 2051 3900 Sane
2093 3822 2180 3902 in
2217 3851 2363 3904 sua
2400 3824 2659 3934 prima
2700 3825 3042 3906 lectione
3076 3819 3508 3932 magistrali
3549 3847 3882 3927 precon-

1100 3972 1417 4061 ceptum
1468 3955 1572 4035 ab
1616 3956 1951 4068 antiquo
1990 3955 2260 4038 dirum
2293 3961 2512 4042 virus
2547 3961 2827 4043 efflans
2886 3988 3055 4046 non
3094 3961 3266 4040 sani
3300 3956 3735 4066 dogmatis,
3789 3959 3876 4036 in

1105 4088 1724 4171 christianorum
1746 4091 2233 4176 scandallum
2256 4113 2336 4176 et
2353 4100 2732 4207 precipue
2749 4094 3031 4179 devote
3056 4094 3617 4178 famulancium
3638 4094 3876 4175 matri

1104 4226 1434 4307 Domini
1464 4222 1720 4309 nostri
1758 4229 1802 4308 J
1806 4228 2001 4310 hesu
2034 4230 2380 4333 Christi,
2404 4233 2689 4345 multas
2711 4234 3314 4345 proposiciones
3335 4230 3607 4340 posuit
3636 4225 3740 4308 ad
3774 4228 3879 4307 is-

1103 4350 1276 4442 tum
1327 4362 1570 4445 finem
1605 4362 2060 4467 tendentes,
2104 4367 2326 4480 quod
2363 4372 2534 4481 ipsa
2566 4389 2949 4485 concepta
2980 4369 3137 4453 fuit
3171 4370 3258 4449 in
3291 4360 3662 4479 originali
3698 4391 3879 4474 pec-

1099 4515 1303 4580 cato.
1357 4502 1520 4585 Has
1555 4499 1880 4612 quidem
1933 4505 2517 4609 conclusiones,
2559 4503 2794 4625 dictis
2822 4524 3283 4597 sanctorum
3326 4502 3875 4617 oppositas·ac

1105 4632 1509 4719 deviantes
1545 4668 1592 4718 a
1623 4640 1978 4723 veritatis
2006 4645 2358 4745 tramite,
2390 4674 2570 4729 cum
2599 4643 2703 4727 ad
2736 4647 3274 4731 monicionem
3302 4641 3873 4751 magistrorum
3988 4748 3999 4759 .

1103 4764 1190 4855 in
1258 4774 1660 4884 theologia
1726 4777 2117 4863 renuisset
2171 4781 2468 4890 pluries
2535 4800 2962 4871 retractare
2988 4845 3009 4883 ,
3073 4809 3221 4867 nec
3277 4794 3547 4889 posset
3588 4772 3871 4901 ,aliquo
