4666 6014
1031 698 1177 769 382
1500 689 2181 766 CHROMGORUM
2230 683 2586 762 RAROLI
2638 686 2923 759 81⁴:le
2971 686 3148 758 Lffl.
3202 685 3328 759 VI.

915 861 922 866 ·
1031 845 1281 951 ipsius
1345 857 1796 920 statuerunt
1858 857 2300 919 reservatos
2359 838 2736 917 ultimum
2792 832 3062 916 subire
3134 835 3654 944 supplicium,
3730 854 3820 916 ut

1030 973 1394 1059 arcendis
1448 976 2022 1057 rebellionibus
2096 979 2378 1056 ceteris
2438 972 2887 1081 exemplum
2960 989 3260 1069 essent3
3314 989 3395 1051 et
3461 974 3819 1084 quamvis

1030 1115 1405 1195 omnibus
1439 1143 1646 1224 pena
1683 1114 1929 1196 fuerit
1980 1115 2281 1227 equalis
2303 1175 2323 1213 ,
2374 1141 2538 1194 non
2589 1111 2857 1191 tamen
2900 1138 3043 1219 per
3084 1109 3570 1189 uniformem
3601 1139 3820 1191 occa-

1028 1256 1338 1335 sionem
1366 1255 1803 1361 perierunt.

1145 1391 1352 1471 Sane
1397 1390 1668 1471 multis
1710 1389 1993 1499 gladiis
2035 1388 2476 1469 interfectis
2496 1451 2514 1485 ,
2564 1387 2975 1468 restabant
3017 1403 3362 1497 quatuor
3402 1404 3481 1465 et
3532 1387 3817 1494 viginti

1030 1528 1130 1607 de
1162 1527 1568 1637 parentela
1607 1556 1767 1607 una
1808 1529 1967 1607 orti
2008 1543 2087 1606 et
2126 1554 2226 1605 ex
2257 1503 2541 1606 eodem
2564 1552 2889 1632 genere,
2930 1522 3280 1630 oppibus
3315 1523 3598 1601 ceteris
3633 1550 3816 1630 pre-

1032 1664 1442 1773 pollenteS,
1503 1663 1804 1775 quibus
1861 1663 2329 1744 decuriones
2396 1660 2767 1744 nonnulli
2824 1661 3136 1740 veniam
3194 1686 3530 1770 querere
3591 1687 3818 1742 cona-

1031 1802 1327 1881 bantur
1343 1799 1666 1884 ·vallidis
1691 1802 2063 1910 precibus
2096 1803 2421 1881 contra¹
2453 1827 2756 1908 regem3
2786 1779 2945 1909 que
2968 1799 3215 1877 eciam
3250 1796 3528 1905 procul
3562 1794 3814 1877 dubio

1032 1938 1457 2019 efficaciter
1505 1940 1973 2036 valuissent,
2017 1940 2084 2019 si
2124 1940 2531 2046 responsis
2578 1938 2978 2017 obstinate
3016 1936 3391 2044 superbie
3424 1936 3815 2015 sarcinam

1033 2075 1607 2184 deposuissent.
1642 2077 1851 2156 Nam
1883 2074 1986 2156 ad
2022 2078 2518 2185 presenciam
2548 2077 2845 2184 regiam
2889 2073 3216 2154 adducti
3259 2072 3609 2185 quadam
3647 2072 3810 2170 die,

1034 2242 1214 2293 cum
1252 2231 1715 2325 quereretur
1763 2241 1906 2292 cur
1961 2216 2073 2292 sic
2128 2211 2231 2291 ad
2281 2209 2916 2292 inobediendum
2956 2214 3199 2320 proni
3252 2227 3514 2289 essent
3536 2272 3554 2306 ,
3605 2239 3814 2290 unus

1032 2354 1172 2462 qui
1206 2353 1416 2429 inter
1455 2377 1731 2429 omnes
1763 2365 2003 2446 etate,
2038 2366 2343 2470 statura
2362 2410 2381 2445 ,
2415 2350 3042 2456 auctoritateque
3073 2349 3569 2457 prestancior
3598 2346 3812 2427 vide-

1029 2489 1293 2584 batur,
1331 2486 1579 2567 libera
1610 2515 1804 2566 voce
1835 2469 2290 2593 respondit:
2330 2519 2369 2558 «
2393 2487 2486 2564 ln
2522 2487 2731 2594 regis
2772 2485 3140 2593 potencia
3169 2502 3288 2563 est
3322 2487 3536 2564 viros
3563 2485 3812 2564 fortes

1035 2660 1072 2696 ι(
1102 2624 1460 2704 subicere
1479 2684 1498 2719 ,
1545 2621 1684 2702 sed
1726 2650 1893 2701 non
1945 2624 2257 2701 animos
2313 2639 2647 2701 mutare.
2686 2657 2723 2695 »
2769 2620 3436 2701 Constantissimo
3492 2650 3813 2733 quoque

905 2761 920 2774 '
1034 2758 1254 2838 vultu
1274 2820 1293 2856 ,
1336 2759 1690 2838 hostium
1716 2755 2275 2837 condicionem
2302 2757 2686 2835 intimans
2706 2757 2962 2867 qualis
2990 2776 3194 2855 erat,
3215 2756 3464 2837 libere
3487 2787 3569 2837 se
3590 2761 3818 2866 oppi-

1033 2896 1211 2974 nari
1251 2892 1565 2973 addidit
1607 2890 1870 3004 quod,
1903 2895 1969 2973 si
2015 2921 2292 2972 omnes
2339 2892 2404 2970 F
2407 2891 2880 3000 lammingos
2918 2922 3057 2973 rex
3090 2897 3446 2973 interimi
3482 2894 3807 2993 faceret,

1032 3030 1294 3111 adhuc
1327 3031 1479 3138 ipsi
1517 3058 1695 3111 ossa
1727 3029 1949 3110 arida
1989 3029 2332 3139 prelium
2370 3031 2869 3111 suscitarent.

1145 3168 1672 3247 pertinaciam
1717 3169 2074 3246 virorum
2109 3195 2258 3246 rex
2301 3195 2483 3247 cum
2523 3169 2683 3247 suis
2725 3167 3165 3249 illustribus
3205 3197 3373 3249 non
3418 3172 3817 3252 immerito

1032 3294 1435 3384 admirans
1498 3305 2161 3415 impatienterque
2222 3303 2554 3384 audiens
2574 3367 2593 3402 ,
2649 3333 2927 3384 omnes
2976 3306 3212 3413 jussit
3266 3304 3680 3403 decollari,
3749 3312 3817 3387 si

1030 3440 1335 3522 adesset
1378 3444 1784 3523 sentencie
1822 3459 2234 3551 exequtor.
2276 3440 2432 3521 Sed
2479 3470 2626 3522 nec
2666 3439 2920 3522 defuit
2960 3471 3058 3522 ex
3098 3441 3396 3522 eisdem
3442 3461 3817 3523 cruentus

1031 3577 1466 3687 parricida,
1502 3581 1678 3688 qui,
1721 3578 2064 3658 naturali
2097 3578 2393 3658 affectu
2429 3581 2916 3687 postpositO,
2956 3579 3060 3669 ad
3103 3579 3187 3660 id
3219 3581 3529 3659 facinus
3560 3609 3643 3660 se
3675 3581 3819 3660 ob-

1030 3717 1254 3814 tulit,
1310 3735 1391 3798 et
1436 3716 1539 3797 ab
1582 3717 2025 3799 astantibus
2071 3745 2283 3799 noxe
2327 3718 2804 3829 impunitate
2844 3721 3231 3829 promissa
3255 3782 3274 3817 ,
3317 3719 3816 3827 singulorum

1031 3859 1290 3963 capita
1330 3856 1502 3936 sine
1536 3857 1742 3939 ictus
1789 3856 2278 3964 repeticione
2313 3857 2777 3966 amputavit.
2823 3855 3055 3936 Multi
3102 3854 3611 3965 postmodum
3657 3858 3817 3936 cir-

1030 3994 1576 4100 circumspecti
1648 4010 1729 4072 et
1803 4020 2091 4101 magne
2159 3995 2659 4074 auctoritatis
2722 3995 3267 4083 constanciam
3336 3993 3819 4073 obeuncium

1030 4127 1585 4213 admirandam
1645 4129 2121 4223 retulerunt,
2180 4147 2260 4209 et
2323 4128 2551 4243 quod
2614 4158 3008 4243 nusquam
3060 4131 3344 4243 aliquis
3403 4129 3503 4210 ad
3571 4134 3818 4210 ictum

1021 4268 1332 4349 lictoris
1384 4242 1937 4377 compassione
1990 4268 2241 4377 patris
2261 4330 2280 4365 ,
2338 4267 2612 4347 fratris
2670 4268 2792 4348 vel
2850 4270 3322 4350 consobrini
3380 4271 3636 4349 visum
3686 4296 3816 4348 re-

1027 4402 1340 4485 flexerit
1360 4467 1376 4499 ‚
1410 4403 1530 4484 vel
1569 4402 1904 4484 verbum
1938 4400 2266 4516 aliquod
2305 4403 2734 4515 protulerit
2765 4404 3118 4515 pietatis,
3155 4424 3236 4485 et
3274 4403 3497 4516 quod
3537 4432 3816 4483 omnes

1029 4542 1280 4623 libere
1326 4541 1632 4655 leteque
1671 4540 2040 4655 jugulum
2097 4540 2546 4651 percussori
2604 4543 3143 4653 prebuerunt3
3194 4572 3438 4656 quam
3493 4561 3577 4625 et
3637 4570 3819 4622 cum

1031 4682 1226 4787 ipsis
1263 4706 1663 4760 censerem
1704 4675 2031 4788 dignam
2070 4677 2303 4759 laude
2352 4698 2775 4791 perpetua,
2823 4684 2891 4763 si
2938 4701 3247 4763 tantam
3280 4681 3818 4762 constanciam

1104 4871 1118 4892 ¹
1158 4863 1295 4917 Var.
1322 4887 1335 4914 .-
1367 4867 1430 4917 11⁰
1470 4860 1637 4936 5960,
1673 4861 1771 4920 fol.
1799 4862 1870 4929 64
1895 4881 1965 4929 r.‚
2007 4879 2147 4935 erga
2172 4876 2383 4934 regem.
