4666 6014
1151 646 1292 717 678
1616 629 2299 710 CHRONICORUM
2351 630 2707 708 KAROLI
2754 632 3040 718 sEle
3089 631 3266 705 LIB.
3321 630 3456 704 XI.

1159 790 1437 871 ualdus
1465 788 1566 870 de
1585 790 1799 896 Raya
1818 786 2259 866 vulneravit
2289 785 2638 892 graviter
2664 784 2785 864 vel
2810 781 2914 863 ad
2942 782 3199 863 solum
3214 780 3441 863 dedit
3470 785 3937 891 precipites;

1157 932 1424 1039 sicque
1475 924 1605 1005 die
1649 923 1779 1004 illa
1822 925 2364 1004 assistencium
2403 921 2913 1001 dominarum
2961 939 3041 1001 et
3089 949 3529 1028 preconum
3573 924 3943 1002 victoria-

1154 1094 1329 1144 rum
1369 1061 1675 1175 judicio
1719 1061 2083 1140 bravium
2116 1060 2577 1168 reportavit.
2619 1057 2818 1138 Inde
2850 1075 3193 1169 quatuor
3225 1054 3505 1138 diebus
3541 1060 3626 1136 in
3676 1058 3937 1138 leticia

1159 1201 1489 1298 exactis,
1545 1215 1638 1277 ut
1683 1194 2287 1277 advenientibus
2339 1192 2661 1277 advenis
2716 1197 3106 1275 honorem
3139 1192 3498 1275 debitum
3546 1197 3942 1304 persolve-

1156 1355 1371 1434 rent,
1415 1333 1518 1415 ad
1558 1360 1895 1445 sequens
1932 1359 2249 1442 quoque
2290 1349 2687 1411 certamen
2738 1329 3109 1412 dominos
3151 1348 3567 1444 sequentes
3589 1393 3609 1429 ,
3645 1333 3941 1413 scilicet

1153 1473 1596 1553 Johannem
1628 1468 1728 1552 de
1760 1466 2217 1567 Hollandia,
2252 1470 2625 1550 comitem
2650 1469 3109 1566 Marescalli,
3130 1469 3605 1549 Nicholaum
3628 1470 3939 1579 Rotlay,

1155 1605 1643 1690 Richardum
1684 1606 2077 1703 Britonis,
2119 1605 2569 1686 Robertum
2607 1604 2708 1685 de
2754 1606 3077 1685 Gliston
3102 1668 3121 1704 ,
3153 1605 3573 1688 dominum
3605 1604 3706 1686 de
3736 1607 3897 1687 Ros
3919 1669 3939 1704 ,

1154 1745 1198 1824 J
1202 1747 1604 1825 ohannem
1635 1741 2097 1839 Cormaille,
2133 1741 2537 1826 Andream
2559 1743 2871 1854 Haque‚
2910 1743 3334 1851 Hugonem
3358 1744 3677 1864 Ifuterel
3698 1805 3717 1841 ,
3753 1743 3943 1824 Car-

1157 1882 1476 1963 melium
1527 1897 1607 1961 et
1656 1879 2333 1989 Wonetequinum
2395 1880 2621 1959 Halle
2676 1878 3188 1960 admiserunt.
3242 1880 3585 1960 Istorum
3651 1881 3943 1961 ictibus

1157 2021 1387 2100 fracti
1418 2013 1994 2098 Boussicaudus
2021 2031 2100 2095 et
2124 2015 2612 2124 Reginaldus
2643 2017 2927 2125 prefati
2956 2018 3243 2097 lectum
3277 2045 3423 2126 per
3455 2017 3943 2098 novendium

1157 2173 1633 2254 tenuerunt3
1680 2153 1817 2234 sed
1862 2181 2053 2235 cura
2100 2151 2704 2261 diligentissima
2744 2151 3234 2235 medicorum
3256 2215 3276 2251 ,
3330 2183 3531 2266 quos
3579 2183 3720 2235 rex
3762 2183 3944 2236 cum

1155 2296 1325 2375 aliis
1361 2295 1744 2374 ministris
1784 2292 1957 2402 aule
2002 2294 2215 2400 regie
2257 2288 2360 2372 ad
2389 2320 2666 2374 eorum
2707 2289 3226 2400 deputaverat
3253 2292 3755 2405 obsequium,
3784 2292 3944 2400 ple-

1156 2462 1339 2514 nam
1364 2433 1826 2541 sospitatem
1852 2445 2041 2510 sunt
2066 2426 2361 2535 adepti.
2386 2431 2747 2507 Durante
2768 2446 3032 2507 tamen
3056 2446 3438 2538 tempore,
3470 2458 3568 2508 ne
3591 2429 3944 2511 forenses

1159 2567 1520 2650 attediati
1550 2563 2035 2663 recederent,
2073 2562 2451 2644 dominus
2485 2561 2583 2644 de
2615 2563 3030 2670 Sampiaco
3061 2560 3438 2643 Picardus
3458 2626 3478 2661 ,
3511 2566 3597 2643 in
3631 2593 3714 2644 se
3742 2566 3945 2645 vires

1164 2705 1628 2812 recolligens
1655 2720 1735 2783 et
1761 2703 2161 2782 sociorum
2192 2702 2397 2781 vices
2427 2700 2831 2808 supplens,
2861 2699 3393 2779 Guillermum
3414 2699 3738 2782 Casselli
3757 2764 3776 2800 ,
3804 2703 3945 2781 Ri-

1164 2839 1549 2920 chardum
1592 2838 1836 2945 Sagre
1858 2899 1876 2935 ,
1932 2837 2378 2944 Georgium
2411 2834 2776 2916 Daledon
2801 2897 2822 2933 ,
2858 2833 3350 2918 Richardum
3400 2840 3646 2936 Eton,
3691 2841 3947 2954 Roge-

1162 3007 1332 3058 rum
1387 2975 1684 3074 Brulle,
1731 2976 2178 3055 Johannem
2232 2972 2594 3071 Cliffort,
2656 2973 3171 3057 Guillelmum
3218 2975 3678 3075 Hourselle,
3726 2976 3944 3058 Tho-

1160 3144 1366 3194 mam
1392 3114 1863 3221 Bouragort,
1892 3111 2407 3191 Guillelmum
2426 3108 3016 3209 Hostindonne,
3046 3115 3586 3227 potentissime
3604 3117 3941 3224 excepit3

1160 3251 1348 3332 inde
1377 3250 1824 3331 Johannem
1871 3247 2271 3328 Treveton
2297 3308 2318 3345 ,
2353 3248 2789 3327 Henricum
2828 3245 3177 3329 Sestidol
3202 3312 3220 3345 ,
3269 3250 3945 3360 Christophorum

1161 3390 1632 3495 Langueton
1650 3446 1669 3483 ,
1700 3386 2124 3491 Hugonem
2148 3381 2248 3464 de
2271 3386 2629 3491 Dragon,
2653 3384 3222 3465 Thomelinum
3257 3386 3700 3487 Honneret,
3734 3389 3951 3469 Tho—

1163 3526 1545 3609 melinum
1570 3522 1921 3602 Treuvin
1949 3522 2312 3632 sequenti
2330 3522 2575 3601 eciam
2606 3519 2772 3620 die3
2795 3525 3059 3633 sicque
3077 3554 3105 3634 J
3116 3523 3381 3605 udicio
3409 3523 3947 3625 dominarum,

1164 3689 1602 3772 preconum
1640 3678 1724 3740 et
1749 3661 2185 3740 electorum
2209 3657 2573 3766 judicum
2602 3661 2859 3741 victor
2898 3659 3000 3741 ad
3034 3660 3494 3744 consodales
3537 3666 3949 3772 precinen-

1163 3801 1380 3881 tibus
1410 3800 1629 3879 lituis
1660 3816 1741 3879 et
1782 3797 2042 3876 mimis
2071 3793 2670 3881 modulantibus
2701 3794 3036 3879 dulciter
3069 3827 3425 3879 reversus
3458 3818 3602 3881 est.

1279 3937 1444 4035 Qui
1507 3963 1688 4013 cum
1767 3933 2132 4041 sequenti
2206 3930 2339 4011 die
2399 3932 2874 4031 Boemanos,
2939 3934 3361 4017 Alemanos
3429 3912 3512 4017 et
3570 3938 3947 4046 Anglicos

1168 4070 1618 4150 honorifice
1667 4073 2184 4183 recepissent,
2236 4086 2637 4151 certamen
2684 4098 2865 4149 cum
2908 4068 3253 4152 dominis
3308 4073 3647 4183 Niques‚
3702 4075 3949 4154 Rave-

1167 4225 1389 4309 neto,
1440 4210 1687 4290 Boort
1752 4207 1852 4289 de
1900 4207 2215 4307 Bolcof,
2269 4205 2371 4287 de
2422 4208 2742 4288 Boemia
2796 4207 3161 4291 oriundis
3193 4273 3211 4310 ,
3266 4240 3413 4290 nec
3457 4240 3624 4290 non
3677 4212 3946 4291 Yonio

1163 4345 1264 4429 de
1312 4346 1670 4445 Sizorin,
1714 4345 2073 4426 Roberto
2118 4343 2461 4444 Fourbi,
2493 4343 2861 4426 Johanne
2901 4344 3000 4427 de
3039 4347 3433 4446 Hanonia,
3463 4348 3947 4429 Thomelino

1167 4483 1491 4585 Callidi,
1549 4485 2026 4564 Thomelino
2083 4481 2183 4563 de
2247 4482 2604 4564 Hardebi
2668 4485 2956 4565 iterum
3014 4487 3563 4595 potentissime
3628 4476 3945 4597 perege-

1166 4640 1378 4704 runt.
1433 4623 1636 4703 Cum
1691 4649 1884 4731 ergo
1937 4637 2399 4729 sequentem
2456 4618 2663 4699 diem
2713 4650 2893 4701 cum
2963 4624 3371 4733 utriusque
3418 4652 3650 4704 sexus
3706 4623 3944 4704 nobi-

1165 4758 1376 4839 libus
1413 4759 1800 4839 universis
1851 4758 1938 4839 in
1997 4755 2260 4839 leticia
2312 4757 2791 4866 exegissent,
2843 4757 3032 4841 inde
3064 4760 3713 4869 periculosiorem
3760 4788 3948 4841 con-
