4666 6014
1117 616 1264 689 734
1573 537 2255 680 cnRoNlcoizUM
2304 601 2660 675 KAROLI
2708 599 2994 674 SEXTI
3042 600 3219 674 LIB.
3275 600 3443 675 XII.

1118 788 1458 870 persone
1502 757 1943 853 affuerunt,
1994 757 2204 836 inter
2243 779 2439 863 quas
2484 751 2978 832 marescallus
3019 733 3239 830 Sacri
3281 749 3590 832 Cesaris
3635 751 3903 832 Ludo·

1119 900 1333 977 vicus
1376 913 1455 975 et
1493 893 1848 1003 ejusdem
1901 892 2149 973 officii
2199 887 2576 972 dominus
2617 887 3232 987 BoussicauduS,
3296 886 3558 968 dictus
3597 888 3898 969 Johan-

1119 1064 1255 1115 nes
1296 1034 1368 1114 le
1399 1032 1760 1140 Maingre
1786 1091 1806 1129 ,
1846 1030 1959 1109 sal
2012 1048 2090 1109 et
2124 1056 2439 1107 cereum
2477 1005 2889 1108 ardentem
2921 1024 3445 1105 defferebant.
3487 1028 3668 1105 Dux
3713 1054 3900 1106 vero

1117 1169 1579 1280 Burgundie
1621 1169 2039 1276 Philippus
2086 1184 2163 1245 et
2204 1166 2551 1244 Karolus
2601 1192 2862 1244 comes
2899 1164 3257 1273 Dompni
3308 1162 3670 1262 Martini,
3724 1193 3902 1244 cum

1116 1307 1428 1389 ducissa
1467 1306 2014 1387 Aurelianensi
2064 1301 2393 1382 domina
2439 1301 2783 1381 Blancha
2830 1300 3221 1380 infantem
3264 1298 3369 1380 de
3413 1327 3641 1381 sacro
3674 1300 3905 1380 fonte

1115 1447 1458 1525 levantes
1478 1505 1496 1539 ,
1530 1470 1708 1522 eum
1743 1440 2162 1537 Karolum,
2199 1456 2296 1519 ut
2331 1466 2473 1519 rex
2503 1439 2842 1549 jusserat
2862 1497 2882 1535 ,
2912 1454 3420 1519 vocaverunt.

2026 1744 2709 1825 CAPITULUM
2776 1747 2973 1828 VII.

1972 1983 2059 2042 De
2099 1983 2439 2062 recepcione
2482 1981 2644 2042 ducis
2687 1981 3040 2043 Lencastrie.

1227 2217 1436 2316 Quia
1471 2241 1656 2294 cura
1694 2214 2060 2324 pervigili
2104 2216 2329 2322 regni
2368 2213 2718 2322 negociis
2772 2241 2910 2292 rex
2959 2211 3302 2292 Karolus
3336 2212 3894 2310 incumbebat,

1116 2382 1293 2433 cum
1344 2354 1429 2431 in
1469 2351 1678 2433 festo
1719 2346 2249 2430 dedicacionis
2288 2349 2609 2431 ecclesie
2653 2350 2867 2429 beati
2909 2350 3275 2458 Dyonisii
3319 2350 3580 2457 ipsum
3631 2368 3899 2458 patro-

1117 2520 1310 2571 num
1369 2490 1432 2569 F
1435 2492 1701 2571 rancie
1763 2488 2233 2596 peculiarem
2291 2515 2624 2598 peregre
2660 2486 3053 2567 visitasset
3069 2548 3090 2583 ,
3148 2484 3567 2567 dominum
3616 2484 3896 2567 ducem

1113 2627 1570 2737 Burgundie
1626 2644 2004 2736 patruum
2039 2655 2273 2708 suum
2324 2626 2690 2734 premisit
2732 2625 3183 2723 Ambianis‚
3224 2626 3365 2737 qui
3414 2622 3638 2705 ducis
3679 2626 3895 2705 Len-

1107 2769 1394 2847 castrie
1416 2828 1435 2865 ,
1479 2769 1746 2875 patrui
1785 2766 1992 2873 regis
2031 2763 2318 2871 Anglie
2335 2825 2356 2862 ,
2390 2763 2959 2871 prestolaretur
2989 2760 3438 2843 adventum.
3474 2762 3636 2863 Qui
3666 2790 3889 2861 mox,

1116 2906 1269 3013 ipsi
1309 2904 1664 3012 glorioso
1702 2901 2016 2982 martiri
2059 2898 2565 2980 devotissime
2593 2900 2762 2980 vale
2788 2897 3004 2980 dicto
3029 2960 3049 2998 ,
3081 2897 3347 2981 edicto
3372 2901 3593 3007 regio
3625 2900 3896 3009 paruit

1113 3040 1610 3138 festinanter,
1673 3067 1851 3119 cum
1911 3039 2238 3118 minime
2310 3039 2720 3145 ignoraret
2776 3039 3034 3145 ipsum
3094 3036 3377 3117 ducem
3432 3037 3891 3144 Anglicum,

1113 3176 1324 3255 velut
1359 3177 1730 3284 promissi
1763 3203 1930 3254 non
1975 3175 2555 3272 immemorem,
2604 3175 2770 3285 jam
2814 3203 2995 3254 cum
3035 3173 3555 3282 Anglicorum
3586 3173 3892 3282 ingenti

1113 3330 1191 3390 et
1224 3310 1476 3391 nobili
1508 3313 1877 3392 comitiva
1909 3311 2378 3420 applicuisse
2403 3311 2818 3393 Calesium.
2849 3308 2976 3406 Ad
3005 3309 3680 3419 magnificenciam
3708 3337 3894 3390 sane

1115 3451 1340 3555 regni
1383 3449 1666 3556 Anglie
1705 3447 2272 3546 extollendam,
2313 3449 2464 3532 sub
2498 3450 2711 3529 salvo
2761 3447 3163 3530 conductu
3202 3438 3423 3557 regio
3474 3476 3572 3527 ex
3624 3447 3888 3526 militi·
3964 3438 3975 3449 ’

1115 3584 1264 3664 bus
1285 3646 1303 3680 ,
1366 3586 1816 3692 armigeris,
1868 3603 1948 3665 et
2001 3588 2195 3666 viris
2255 3586 2793 3693 ecclesiasticis
2845 3586 3055 3666 mille
3114 3614 3376 3666 secum
3422 3583 3885 3666 adduxerat.

1112 3718 1426 3822 Quibus
1484 3749 1623 3801 rex
1679 3723 1962 3801 miram
2018 3722 2577 3802 liberalitatem
2631 3750 3000 3803 exercens
3020 3783 3040 3820 ,
3078 3718 3459 3831 quamdiu
3508 3723 3596 3801 in
3637 3749 3887 3831 regno

1113 3874 1609 3970 manserunt,
1665 3884 1757 3937 ex
1828 3861 2091 3938 erario
2153 3858 2402 3967 regali
2457 3857 2900 3939 cotidianas
2957 3886 3343 3965 expensas
3393 3858 3568 3939 dari
3615 3858 3885 3967 jussit3

1112 4021 1301 4106 que,
1355 4013 1445 4074 ut
1497 3993 1728 4073 multi
1775 3993 2266 4091 asserebant,
2320 3994 2799 4105 quingentas
2841 3994 3084 4074 libras
3129 3996 3600 4104 parisienses
3651 4020 3888 4075 exce-

1111 4129 1436 4211 debant.
1479 4130 1740 4240 thue
1791 4127 1894 4209 ad
1951 4131 2343 4212 honorem
2396 4133 2626 4241 regni
2678 4131 2949 4211 omnia
2988 4148 3438 4240 agerentur,
3492 4132 3891 4212 civitatem

1110 4265 1725 4346 Ambianensem
1769 4292 1912 4345 rex
1961 4261 2210 4346 dividi
2249 4284 2329 4346 et
2371 4269 2661 4349 exteris
2693 4270 3077 4376 assignari
3124 4269 3481 4378 hospicia
3509 4269 3884 4379 jusserat,

1109 4421 1201 4484 ut
1230 4401 1850 4513 uniuscujusque
1883 4430 2220 4512 persone
2251 4404 2587 4514 qualitas
2625 4406 3141 4516 exposcebat3
3185 4423 3265 4487 et
3302 4434 3539 4516 super
3572 4407 3887 4488 limina-

1110 4541 1331 4621 ribus
1361 4558 1778 4650 portarum
1806 4566 2021 4619 arma
2058 4538 2387 4651 depingi
2416 4542 2914 4653 singulorum
2932 4606 2952 4640 ‚
2981 4560 3072 4623 ut
3099 4543 3397 4654 absque
3421 4544 3887 4629 difficultate

1108 4681 1443 4790 quisque
1469 4678 1626 4761 sibi
1658 4677 1921 4757 locum
1959 4698 2477 4787 cognosceret
2505 4682 3014 4789 assignatum.
