4666 6014
1202 716 1293 785 40
1705 700 2388 782 cunomcomm
2434 702 2789 781 KAROLI
2831 703 3123 781 sEx'rl
3171 706 3347 779 LIB.
3403 709 3462 781 1.

1200 893 1237 932 «
1276 859 1662 938 memoria
1706 859 1863 938 erit
1904 858 1991 934 in
2038 851 2598 935 benedictione
2636 854 3071 963 perhenni,
3114 855 3345 936 vobis
3396 857 3662 965 sepius
3708 860 3982 939 retulit

1201 1030 1238 1070 α
1278 997 1366 1074 in
1423 1011 1714 1107 quarto
1756 991 2066 1074 decimo
2119 1016 2335 1072 anno
2378 1008 2875 1071 coronatum.
2926 992 3044 1070 Ex
3102 994 3507 1101 preteritis
3558 993 3806 1102 igitur
3859 995 3980 1075 fu-

1202 1166 1238 1205 «
1276 1150 1459 1211 tura
1497 1130 1982 1237 premeciens
2018 1129 2074 1226 ¹,
2122 1144 2236 1227 et,
2289 1143 2382 1207 ut
2420 1127 2748 1207 liberius
2794 1127 3110 1239 loquar,
3173 1125 3625 1238 attendens,
3681 1131 3974 1213 multo·

1201 1303 1237 1341 «
1278 1297 1458 1347 rum
1489 1284 1885 1346 crescente
1917 1264 2226 1344 malicia
2248 1325 2267 1362 ‚
2307 1261 2700 1345 mundum
2741 1264 3040 1375 jugiter
3074 1265 3159 1343 in
3201 1261 3598 1344 deteriora
3625 1266 3974 1375 prolabi,

1200 1437 1236 1476 «
1277 1422 1359 1484 et
1388 1376 1609 1515 quod
1641 1402 1868 1514 quasi
1892 1398 2242 1512 dampna
2272 1400 2589 1481 infinita
2615 1428 2762 1511 per
2791 1398 3475 1481 administratores
3499 1402 3795 1485 alienos
3825 1408 3974 1484 mi-

1199 1574 1235 1615 «
1279 1539 1614 1623 noribus
1664 1539 1830 1623 sint
1883 1537 2095 1621 illata
2130 1537 2543 1621 retroactis
2582 1536 3081 1648 temporibus
3100 1598 3120 1635 ‚
3160 1530 3262 1617 de
3302 1556 3567 1621 vestro
3598 1557 3681 1619 et
3719 1543 3978 1649 regni-

1050 1722 1075 1743 ·
1197 1710 1234 1749 <c
1276 1675 1630 1756 colax-um
1658 1702 1979 1757 assensu
1998 1736 2017 1771 ‚
2058 1673 2229 1781 lege
2259 1672 2835 1782 irrefragabili,
2879 1674 3460 1782 primogenitos
3501 1702 3779 1784 regum
3808 1704 3979 1757 suc-

1198 1847 1234 1885 «
1275 1810 1740 1893 cedencium
1781 1812 1933 1890 hac
1973 1828 2179 1890 etate
2226 1810 2566 1918 puberes
2606 1807 2974 1891 decrevit.
2999 1810 3355 1918 reputari
3398 1826 3482 1891 et
3521 1809 3826 1893 habiles
3871 1812 3975 1892 ad

1196 1983 1232 2022 α
1276 1944 1775 2057 regnandum
1804 1947 1862 2026 ².
1908 1948 2134 2026 Hanc
2164 1946 2421 2055 legem
2459 1946 2861 2056 approbat
2890 1945 3193 2027 nobilis
3233 1942 3400 2026 dux
3449 1945 3582 2025 hic
3612 1974 3972 2055 presens,

1193 2119 1230 2157 «
1273 2086 1358 2162 in
1414 2111 1663 2195 eaque
1721 2100 2035 2192 tempus
2087 2084 2491 2193 signatum
2545 2084 2853 2164 cunctis
2912 2100 3144 2192 optat
3200 2079 3684 2192 precordiis;
3739 2104 3973 2193 rogat

1193 2255 1229 2293 «
1270 2237 1536 2300 tamen
1569 2248 1671 2298 ne
1707 2218 2123 2300 fraudetur
2154 2222 2482 2300 interim
2509 2222 2980 2300 auctoritate
3012 2220 3358 2329 regentis
3378 2281 3398 2318 ,
3438 2216 3541 2298 ad
3571 2219 3730 2299 hoc
3758 2238 3971 2300 certe

1191 2390 1228 2429 «
1271 2383 1434 2433 non
1495 2352 1930 2472 cupiditate
1976 2383 2129 2435 nec
2187 2355 2635 2436 ambicione
2687 2352 2971 2439 ductus
2992 2417 3011 2453 ‚
3066 2353 3204 2435 sed
3261 2357 3516 2465 magis
3564 2357 3968 2439 honorum

1192 2527 1228 2567 «
1272 2494 1535 2600 gracia
1578 2521 1734 2605 que
1763 2495 1794 2538 ³
1844 2494 1999 2573 sibi
2029 2493 2208 2605 jure
2252 2496 2753 2607 antiquitatis
2784 2494 3206 2605 competit,
3240 2494 3444 2571 sicut
3474 2493 3713 2572 scitis,
3743 2528 3781 2568 2>

1298 3036 1371 3114 N
1378 3033 1891 3117 onnullorum
1947 3036 2254 3118 auditui
2303 3042 2851 3120 assistencium
2902 3042 3147 3130 ‘verba
3197 3038 3706 3150 placuerunt,
3755 3057 3837 3119 et
3879 3041 3963 3117 in

1184 3175 1665 3253 sentenciam
1707 3176 1935 3255 ibant
1989 3175 2209 3287 quod
2270 3175 2495 3257 ducis
2543 3180 2839 3287 peticio
2899 3155 3068 3257 non
3117 3176 3614 3288 repugnabat
3661 3202 3963 3285 propo-

1183 3311 1362 3389 sito.
1400 3309 1554 3391 Sed
1601 3340 1782 3392 cum
1813 3311 2269 3426 Burgundie
2328 3333 2410 3396 et
2450 3315 2837 3395 Borbonii
2884 3313 3220 3395 ducibus
3268 3313 3630 3410 fuerunt,
3669 3311 3962 3426 quibus

1180 3447 1432 3526 aliena
1464 3476 1722 3548 mens,
1779 3466 1859 3527 et
1899 3451 2397 3532 contrarium
2444 3452 2531 3530 in
2588 3468 2817 3562 parte
2855 3452 3340 3548 sencientes5
3389 3470 3771 3560 quorum·
3788 3477 3959 3527 om-

1181 3585 1407 3670 nium
1453 3585 1663 3668 vices
1713 3582 2088 3668 dominus
2134 3586 2414 3670 Petrus
2470 3583 2570 3670 de
2616 3584 2890 3672 Ordeo
2949 3581 3227 3668 Monte
3256 3602 3644 3750 exequms
3689 3585 3897 3664 hec
3875 3613 3960 3661 ιη

1183 3720 1586 3797 sentencia
1637 3719 1883 3798 verba
1935 3718 2184 3799 fecit·

1295 3912 1332 3950 «
1370 3876 1453 3957 Si
1486 3905 1672 3958 vera
1711 3881 1987 3988 pocius
2005 3940 2025 3978 ‚
2069 3881 2368 3994 inquit,
2420 3908 2660 3998 quam
2707 3877 2927 3962 dictu
2965 3882 3321 3996 speciosa
3362 3876 3698 3960 dicenda
3735 3896 3920 3956 sunt
3938 3939 3954 3972 ‚

1182 4049 1218 4087 «
1260 3999 1577 4093 inclitos
1628 4015 2031 4126 principes
2078 4015 2374 4127 cupido
2436 4015 2764 4127 regendi
2817 4046 3153 4126 regnum
3209 4015 3310 4097 ad
3353 4017 3619 4126 jurgia
3671 4005 3957 4121 incipit

1186 4185 1223 4222 «
1267 4150 1672 4234 stimulare
1708 4153 1985 4264 utique
2024 4153 2485 4240 indecencia
2510 4216 2530 4253 ,
2565 4183 2747 4238 cum
2787 4183 2925 4238 vos
2967 4154 3311 4238 naturali
3345 4152 3817 4262 conjunctos
3845 4151 3957 4229 fe-

1180 4320 1216 4358 «
1260 4283 1446 4365 dere
1486 4287 1814 4368 alternis
1838 4286 2567 4399 disceptacionibus
2596 4319 2763 4372 non
2801 4292 3123 4406 possitis
3156 4292 3329 4370 sine
3360 4286 3786 4397 dispendio
3806 4289 3956 4365 rei-

1177 4458 1213 4498 «
1254 4424 1570 4533 publice
1597 4423 2105 4510 contendere.
2141 4426 2500 4512 Auribus
2531 4429 2777 4510 eciam
2810 4425 3080 4510 cordis
3103 4426 3460 4534 suggerit
3498 4422 3695 4508 fides
3735 4451 3907 4506 mea
3930 4485 3948 4518 ,

1242 4780 1256 4802 ¹
1293 4773 1430 4827 Var.
1465 4798 1479 4825 .-
1510 4788 1574 4827 n0
1596 4771 1769 4848 5960,
1799 4772 1890 4832 fol.
1919 4790 1991 4849 29
2015 4791 2090 4844 v.‚
2111 4778 2512 4848 prenuncians.
2659 4775 2678 4808 ³
2723 4776 2895 4836 Var..·
2925 4782 2988 4836 n·
3003 4774 3166 4854 5960,
3193 4774 3291 4836 sol.
3319 4791 3480 4851 29v.‚
3510 4773 3733 4829 honoris
3759 4770 3943 4845 gracia

1236 4866 1255 4888 ²
1299 4856 1439 4912 Var.
1455 4880 1469 4909 .·
1492 4875 1555 4910 no
1571 4854 1734 4930 5960,
1754 4856 1849 4911 sol.
1879 4874 1950 4932 29
1975 4877 2049 4927 v.,
2079 4859 2405 4933 regendum.
2584 4864 2686 4934 qui
2700 4902 2718 4930 ,
2741 4871 2853 4922 etc.
