4666 6014
1072 680 1215 759 452
1545 671 2233 749 CHRONIGORUM
2281 668 2641 746 KAROLI
2689 668 2976 749 SEXTI
3025 672 3218 746 LIB:
3255 670 3382 745 111.

1066 824 1537 936 grederetur
1588 824 1863 905 libere.
1911 821 2251 905 Addunt
2288 842 2371 906 et
2411 826 2679 935 ipsum
2727 823 3013 935 jubere
3050 841 3144 904 ut
3162 886 3182 923 ,
3225 840 3505 905 exacto
3548 821 3827 904 triduo
3844 885 3866 923 ,

1070 964 1226 1044 sibi
1263 961 1478 1075 apud
1510 961 2025 1044 Meledunum·
2054 982 2193 1043 sex
2230 963 2357 1045 vel
2385 980 2692 1074 septem
2717 988 2819 1043 ex
2852 959 3295 1042 dicioribus
3323 962 3864 1077 mitterentur,

1069 1105 1210 1214 qui
1252 1101 1691 1183 deliberata
1731 1103 2153 1183 referrent.
3663 1102 3668 1107 ’

1179 1238 1721 1322 Condiciones
1772 1257 2156 1321 tractatus
2200 1242 2568 1323 recitatas
2610 1242 2697 1321 in
2729 1241 3122 1322 concione
3155 1239 3365 1323 civili
3395 1238 3868 1349 generaliter

1066 1374 1461 1459 celebrata
1490 1407 1590 1458 ex
1624 1377 2152 1488 popularibus
2191 1376 2496 1497 infiniti
2542 1376 2887 1489 dignum
2929 1376 3338 1459 duxerunt
3374 1379 3699 1488 penitus
3728 1375 3867 1456 de-

1067 1514 1498 1624 negandas.
1558 1515 2050 1598 Rebellionis
2110 1545 2433 1633 quoque
2502 1518 2796 1627 spiritu
2848 1519 3167 1627 agitati,
3199 1516 3385 1617 ,sub
3443 1517 3870 1597 amissione

1065 1656 1226 1733 vite
1266 1671 1346 1734 et
1375 1653 1783 1736 bonorum
1824 1656 2270 1763 injungunt
2296 1654 2781 1766 majoribus,
2812 1673 2905 1736 ut
2936 1683 3202 1736 secum
3241 1652 3458 1735 idem
3481 1655 3865 1734 senciant.

1067 1793 1339 1893 Quare
1379 1819 1562 1871 cum
1597 1789 2070 1871 difficultate
2100 1819 2201 1897 ex
2230 1792 2345 1871 eis
2372 1820 2513 1871 sex
2543 1793 2844 1900 reperti
2873 1809 3070 1871 sunt
3091 1792 3234 1902 qui
3271 1793 3561 1871 merito
3589 1792 3871 1902 repleti

1064 1927 1503 2009 formidine
1542 1927 1699 2025 hoc
1730 1932 1903 2037 regi
1953 1928 2474 2028 nunciarent,
2538 1927 2952 2009 humiliter
2991 1928 3534 2039 supplicantes
3576 1957 3680 2009 ne
3717 1928 3873 2009 sibi

1066 2084 1375 2146 tantam
1421 2067 1951 2146 temeritatem
2007 2050 2442 2147 ascriberet
2459 2128 2479 2165 ,
2540 2063 2681 2146 sed
2731 2065 3156 2149 clementer
3190 2064 3640 2149 adverteret
3671 2085 3873 2186 quot

1064 2223 1145 2284 et
1199 2205 1523 2317 quantis
1588 2188 2191 2283 discriminibus
2243 2201 2768 2314 subjacebant
2820 2206 3201 2287 continue
3222 2267 3241 2303 ‚
3306 2205 3463 2285 nisi
3511 2204 3872 2284 furorem

1064 2341 1349 2452 populi
1388 2340 1655 2424 verbis
1687 2341 2003 2424 lenibus
2043 2343 2533 2452 mitigarent.
3778 2447 3786 2453 Ι

1182 2479 1602 2592 Nusquam
1651 2479 2004 2590 benigne
2055 2478 2328 2561 audita
2359 2498 2479 2561 est
2507 2483 2968 2596 responsio;
3002 2482 3177 2562 sine
3216 2478 3570 2590 dampno
3604 2499 3871 2565 tamen

1067 2617 1413 2697 remissis
1443 2618 1786 2715 nunciiS,
1819 2646 1959 2697 rex
1995 2617 2471 2728 injuriosam
2494 2618 2896 2729 repulsam
2915 2618 3066 2699 sub
3092 2638 3533 2730 temperato
3549 2638 3872 2728 pectore

1070 2756 1462 2866 sepultam
1513 2757 1775 2836 tenuit
1795 2817 1815 2856 ,
1866 2753 2126 2836 donec
2169 2758 2722 2866 experimento
2765 2755 3175 2838 didicisset
3226 2759 3294 2838 si
3337 2775 3567 2838 tanto
3599 2757 3875 2837 furore

1068 2893 1418 3004 populus
1445 2894 1911 3003 agitaretur,
1947 2893 2281 2975 domino
2326 2897 2566 2975 Petro
2611 2893 2712 2976 de
2750 2895 3185 2976 Villaribus
3231 2895 3449 3007 plebi
3491 2897 3872 3006 acceptis-

1073 3036 1276 3114 simo
1319 3062 1490 3114 rem
1521 3035 2028 3114 committens
2049 3097 2069 3136 ,
2101 3053 2182 3115 et
2209 3036 2666 3147 precipiens
2694 3053 2788 3117 ut
2815 3035 3075 3116 solum
3102 3034 3204 3116 de
3236 3033 3542 3146 gabella
3570 3035 3752 3117 salis
3782 3064 3873 3114 ac

1068 3171 1593 3282 imposicione
1624 3201 1896 3253 rerum
1918 3174 2317 3264 venalium
2346 3173 2644 3255 faceret
2672 3176 3200 3255 mencionem.
3220 3172 3389 3254 Sed
3409 3176 3821 3255 attendens
3839 3178 3866 3218 ¹

1069 3314 1156 3392 in
1187 3330 1490 3424 quanta
1537 3311 1939 3393 sedicione
1973 3313 2248 3395 civitas
2278 3312 2738 3414 fluctuaret,
2770 3316 3066 3396 omisso
3097 3312 3481 3396 mandato
3501 3378 3520 3415 ,
3557 3293 3882 3396 re‘di'ens'

1070 3451 1471 3532 atrociora
1502 3450 1776 3532 retulit
1802 3479 2043 3564 quam
2096 3454 2267 3561 ipse
2305 3479 2450 3534 rex
2482 3450 2868 3534 audierat.
2921 3451 3122 3533 Inde
3164 3450 3268 3533 ad
3299 3455 3464 3533 vim
3517 3470 3874 3562 apertam

1068 3588 1575 3672 inferendam
1615 3592 2093 3700 instiguatus
2112 3653 2133 3690 ,
2176 3591 2601 3672 consilium
2667 3590 2954 3673 habuit
3012 3589 3513 3705 inquietandi
3565 3590 3872 3673 viribus

1069 3729 1469 3810 civitatem
1515 3747 1653 3809 aut
1705 3729 1985 3810 saltem
2028 3730 2380 3841 patriam
2428 3728 2950 3842 adjacentem.
2985 3727 3113 3811 Ad
3155 3728 3376 3843 quod
3412 3728 3580 3811 dux
3610 3726 3875 3808 Ande-

1071 3867 1433 3973 gavensis
1520 3867 1885 3976 ingentes
1956 3868 2227 3980 copias
2301 3888 2854 3979 pugnatorum
2878 3932 2897 3969 ,
2967 3866 3503 3980 undecunque
3565 3867 3868 3975 potuit,

1070 4003 1480 4114 recollegit
1494 4067 1515 4105 ,
1541 4008 1683 4119 qui
1712 4024 1965 4089 totam
1997 4010 2529 4094 parisiensem
2557 4008 2962 4120 dyocesim
2987 4006 3390 4120 predalem
3406 4003 3870 4103 efficientes,

1067 4140 1470 4256 quidquid
1523 4143 1780 4226 hostis
1823 4146 1910 4227 in
1953 4140 2265 4232 hosten'n
2306 4165 2808 4246 exercerent,
2852 4145 3244 4226 duntaxat
3296 4141 3756 4225 homicidiis
3793 4160 3874 4224 et

1074 4280 1467 4363 incendiis
1526 4286 1902 4394 exceptis.
1973 4287 2095 4365 Ex
2160 4302 2357 4368 mne
2440 4283 2633 4388 odio
2695 4301 3064 4393 raptante
3142 4281 3656 4393 inexpiabili,
3719 4281 3869 4361 hac

1072 4418 1250 4500 illac
1303 4419 1844 4503 discurrentes
1863 4485 1884 4523 ,
1942 4451 2092 4503 nec
2146 4421 2394 4504 eundi
2410 4485 2431 4522 ,
2489 4450 2640 4504 nec
2689 4420 3088 4532 predandi
3130 4419 3532 4534 quidquid
3574 4420 3868 4501 auferri

1073 4574 1395 4668 poterat
1423 4559 1666 4640 finem
1696 4560 1852 4640 sibi
1874 4559 2220 4642 faciebat
2251 4558 2677 4671 cupiditas,
2698 4560 2855 4641 nisi
2883 4558 3410 4641 redimeretur
3435 4557 3868 4670 peccuniis.

1071 4696 1501 4806 Quotquot
1549 4697 1987 4809 burgenses
2029 4701 2193 4781 sive
2237 4698 2544 4781 accolas
2594 4677 2940 4809 egrestae
2987 4700 3268 4781 obvios
3317 4696 3826 4808 reperiebant
3850 4757 3871 4793 ,

1142 4913 1159 4937 ⁸
1200 4905 1303 4969 Les
1325 4906 1947 4982 motssedauendens,
1975 4911 2301 4986 unprentes
2325 4928 2398 4968 au
2423 4919 2488 4967 11⁶
2513 4908 2685 4986 ⁵960,
2712 4909 2808 4968 fol.
2837 4913 2906 4979 42
2933 4928 2987 4966 v.
3006 4951 3022 4980 ,
3052 4917 3366 4984 manquent
3387 4904 3528 4964 dans
3544 4905 3600 4962 le
3623 4910 3687 4963 n⁰
3704 4900 3867 4978 59⁵8.
