4666 6014
1100 702 1245 776 514
1572 688 2665 772 CHRONICORUMKAROLI
2715 685 3001 768 82le
3044 687 3228 766 LIB.
3280 687 3418 766 IX.

1101 845 1481 957 Egidium
1525 821 2030 952 deCampis,
2071 840 2522 924 Johannem
2564 838 2666 921 de
2702 841 2933 922 Nova
2974 839 3225 941 Villa,
3273 839 3587 922 ordinis
3641 846 3898 923 sancti

1101 979 1528 1081 Bernardi,
1590 982 1677 1060 in
1721 967 1952 1062 ‘sacra
2001 981 2303 1090 pagi-na
2355 980 2843 1089 magistros,=
2877 1005 3026 1091 nee
3078 1007 3265 1059 non·
3297 996 3387 1059 et·
3425 980 3750 1060 Petrum
3800 977 3901 1059 de

1103 1119 1552 1200 Allainvilla
1571 1181 1589 1218 ,
1615 1116 1928 1200 ordinis
1953 1119 2209 1199 sancti
2233 1115 2642 1200 Benedicti
2664 1180 2683 1217 ,
2716 1114 3131 1197 doctorem
3156 1116 3446 1226 injure
3473 1118 3863 1197 canonico
3880 1178 3898 1211 ,

1102 1257 1206 1340 ad
1253 1285 1676 1342 romanam.
1707 1258 2016 1340 curiam
2053 1254 2588 1344 destinaverat
2620 1256 2789 1368 jam
2822 1253 3429 1368 quadragesima
3474 1271 3896 1334 transacta.

1103 1394 1425 1476 Eisdem
1441 1453 1462 1494 ,
1505 1423 1604 1475 ex
1631 1394 1982 1477 collecta
2017 1393 2368 1476 clericali
2412 1394 2870 1503 provisione
2910 1391 3122 1474 facta
3140 1443 3173 1492 ,·
3213 1410 3307 1473 ut
3343 1389 3760 1473 honestius
3800 1392 3905 1472 le-

1109 1536 1523 1643 gacionem
1557 1551 2053 1642 'peragerent
2080 1596 2100 1631 ,
2164 1533 2622 1644 injunctum
2652 1549 2796 1612 est
2849 1549 2933 1611 et
2976 1532 3141 1612 sub
3197 1530 3598 1612 consuetis
3651 1558 3909 1612 sacraa

1101 1672 1417 1769 mentis,
1449 1661 1671 1782 quod
1692 1733 1711 1770 ,
1739 1671 2210 1781 postpositis
2243 1670 2624 1750 omnibus
2643 1732 2662 1769 ,
2694 1697 2842 1749 nec
2869 1669 3306 1749 ambicioni
3329 1667 3904 1749 beneficiorum

1113 1836 1387 1888 curam
1428 1801 2026 1920 impenderent,
2075 1804 2214 1887 sed
2256 1824 2644 1918 tanquam
2675 1804 2861 1886 fidei
2893 1804 3351 1886 orthodoxe
3382 1804 3677 1886 athlete
3707 1805 3908 1884 veri-

1114 1944 1315 2043 dici,
1370 1947 1996 2056 intemerateque
2054 1929 2401 2053 gloriose
2462 1942 2710 2044 Marie
2759 1945 3120 2054 Virginis
3168 1944 3448 2030 matris
3511 1944 3662 2024 Dei
3711 1941 3907 2026 zela-

1109 2102 1325 2167 tores
1343 2146 1364 2182 ,
1421 2111 1738 2166 causam
1788 2082 1958 2192 ejus
2000 2079 2343 2166 fideliter
2393 2079 2955 2168 deffensarent.
3002 2080 3289 2184 Quod,
3344 2082 3684 2190 peractis
3736 2110 3910 2189 pas-

1117 2220 1482 2304 chalibus
1511 2219 1733 2306 feriis
1758 2281 1782 2319 ,
1826 2248 2016 2306 cum
2055 2221 2279 2303 omni
2323 2217 2798 2306 obediencia
2837 2219 3225 2329 perficere.
3261 2237 3787 2304 maturarunt.

1228 2359 1737 2468 Attingentes
1766 2357 2015 2466 igitur
2048 2355 2677 2439 Villam-Novam
2698 2419 2722 2456 ,
2757 2355 3134 2437 officiales
3171 2358 3374 2440 sacri
3408 2356 3687 2465 palacii
3726 2360 3909 2437 Avi-

1121 2497 1538 2576 nionensis
1573 2496 1687 2582 eis
1729 2494 2054 2577 obviam
2082 2513 2631 2576 occurrerunt.
2657 2493 2859 2575 Inde
2898 2524 2949 2578 a
2976 2493 3331 2578 dominis
3368 2492 3906 2577 cardinalibus

1120 2632 1525 2740 sigillatim
1568 2649 1648 2713 et
1693 2627 2214 2712 *familiariter
2241 2634 2588 2743 excepti,
2649 2659 2839 2713 mox
2877 2634 2965 2712 in
3002 2635 3412 2742 presencia
3452 2661 3683 2742 pape,
3723 2661 3910 2715 con-

1123 2797 1333 2850 cessa
1376 2765 1817 2868 audiencia,
1855 2765 2038 2849 cum
2076 2754 2391 2850 causam
2422 2769 2854 2880 legacionis
2886 2771 3492 2884 prompsissent,
3526 2771 3911 2886 quoniam

1124 2936 1346 2988 casus
1398 2903 1584 2986 fidei
1656 2909 1938 2990 ceteris
2002 2926 2121 2988 est
2172 2905 2783 3023 preponenduS,
2844 2904 3211 2988 nundum
3263 2924 3543 2988 exacto
3594 2904 3869 2987 triduo
3889 2970 3907 3005 ,

1126 3046 1212 3124 in
1270 3046 1747 3129 consistorio
1798 3034 1885 3125 in
1935 3049 2347 3161 presencia
2400 3049 2659 3161 partis
2705 3045 3031 3133 adverse
3090 3066 3640 3158 comparentes
3660 3110 3681 3147 ,
3726 3076 3914 3131 con·

1130 3183 1524 3279 clusiones
1537 3245 1561 3283 ‚
1596 3202 2066 3293 argumenta
2080 3247 2100 3287 ‚
2142 3188 2711 3303 responsiones
2736 3214 2828 3273 ac
2860 3213 3277 3296 processus
3317 3178 3603 3281 seriem
3634 3187 3913 3273 recita·

1128 3340 1416 3407 verunt
1441 3321 1884 3431 eleganter.
1919 3324 2103 3425 Que
2133 3320 2355 3409 dicta
2398 3342 2593 3409 sunt
2616 3322 2856 3411 scolis
2908 3325 3188 3433 pocius
3222 3322 3626 3405 narranda
3673 3352 3913 3433 quam

1130 3459 1315 3537 stilo
1347 3460 1741 3571 croniquo
1782 3462 2231 3541 estimarem
2252 3522 2271 3560 ,
2313 3490 2496 3542 cum
2533 3460 2981 3568 legentibus
3023 3478 3292 3570 posset
3321 3458 3732 3542 fastidium
3778 3487 3913 3568 ge—

1133 3620 1437 3694 nerare,
1480 3614 1560 3677 et
1591 3596 2071 3708 compendio
2093 3660 2112 3698 ,
2147 3596 2369 3709 quod
2407 3595 2761 3679 studiose
2798 3626 3089 3708 quero,
3124 3596 3466 3678 officere.
3500 3600 3911 3694 Attamen,

1131 3736 1511 3841 quoniam
1559 3736 1805 3814 michi
1859 3735 2157 3817 sufficit
2176 3799 2194 3835 ‚
2241 3734 2510 3817 medio
2557 3765 2824 3818 rerum
2877 3739 3463 3846 emergencium
3508 3752 3721 3815 tacto
3737 3796 3758 3834 ,
3811 3732 3913 3814 ad

1135 3897 1408 3950 earum
1435 3872 1736 3952 exitum
1779 3901 1924 3983 per
1961 3871 2550 3986 breviloquium
2575 3875 2941 3973 transire,
2984 3873 3241 3955 dicam
3272 3871 3493 3987 quod
3524 3873 3908 3984 sequitur.

1249 4007 1399 4085 Per
1454 4024 1616 4087 tres
1669 4005 1835 4090 dies
1885 4007 2299 4090 audiencia
2353 4008 2694 4097 duravit.
2740 4011 2933 4114 Quo
2973 4012 3240 4120 spacio
3283 4008 3799 4091 deductiones
3838 4025 3917 4088 et

1139 4143 1589 4251 PoSieiones
1655 4145 1966 4254 prolate
1982 4209 2000 4246 2
2088 4174 2404 4235 necnon
2445 4150 2867 4235 tacianum
2927 4148 3634 4258 multiplicaciones
3709 4146 3920 4228 velut

1139 4278 1886 4364 demonstrabilium
1928 4313 1974 4365 a
2018 4301 2181 4366 tam
2226 4283 2682 4367 dulcissimo
2714 4285 2941 4365 fonte
2975 4284 3224 4366 lacteo
3256 4286 3716 4398 eloquencie
3750 4301 3921 4362 tan-

1140 4436 1377 4527 taque
1405 4419 1955 4530 profimditate
1993 4425 2329 4504 sciencie
2361 4440 2860 4521 emanarunt,
2891 4421 3112 4537 quod
3142 4452 3312 4505 non
3341 4422 3598 4504 solum
3633 4447 3922 4532 papam

1142 4571 1221 4635 et
1275 4554 1718 4640 cardinales
1776 4557 1880 4639 ad
1933 4561 2595 4669 complacenciam
2654 4558 2794 4645 sed
2833 4576 2913 4641 et
2972 4556 3592 4647 admiracionem
3652 4559 3918 4645 traxit.

1143 4688 1482 4805 Causam
1509 4692 1740 4815 beate
1784 4696 2143 4811 Virginis
2170 4696 2643 4785 sustinendo
2672 4684 2983 4785 tantam
3020 4697 3315 4785 famam
3344 4698 3507 4787 sibi
3547 4697 3926 4810 acquisie-

1148 4849 1339 4914 runt
1357 4896 1377 4937 ,
1450 4852 1543 4918 ut
1563 4898 1594 4937 ,,
1637 4864 2120 4952 quocunque
2161 4867 2249 4929 se
2279 4902 2286 4913 .
2318 4856 2722 4929 verterent
2738 4900 2758 4940 ,
2804 4836 3421 4931 concluderetur
3468 4869 3517 4925 a
3570 4838 3873 4925 cunctis
3903 4868 3931 4917 :-
