4666 6014
1040 611 1183 679 400
1522 607 2205 684 CHRONICORUM
2256 609 2612 686 KAROLI
2662 607 2949 685 SEXTI
3000 613 3177 687 LlB.
3233 613 3361 690 vl.

1039 758 1500 839 libertatum
1560 759 2103 868 ecclesiarum,
2174 761 2274 842 de
2355 762 2691 845 consilio
2763 751 3165 843 baronum
3236 781 3316 844 et
3383 767 3830 848 antistitum

1040 895 1309 1002 regni,
1359 892 1580 1005 quod
1626 895 1765 974 diu
1815 926 2021 1006 pape
2083 901 2598 1007 promiserat,
2660 902 3154 998 retractavit,
3222 903 3670 1011 precipiens
3729 933 3831 984 ne

1040 1029 1410 1141 deinceps
1452 1032 1554 1112 ad
1595 1034 2086 1114 solucionem
2121 1039 2640 1116 serviciorum
2668 1036 2786 1116 vel
2822 1040 3491 1146 procuracionum
3521 1042 3829 1149 papalis

1040 1197 1346 1249 camere
1376 1198 1521 1278 per
1560 1200 1976 1250 censuram
2007 1172 2438 1274 secularem
2470 1175 2625 1254 viri
2667 1173 3169 1258 ecclesiastici
3203 1195 3676 1284 cogerentur
3699 1240 3718 1274 ,
3753 1197 3831 1257 et

1041 1305 1193 1383 hoc
1247 1305 1591 1404 ballivis,
1649 1309 2077 1416 prepositis
2118 1328 2198 1388 et
2260 1311 2705 1390 rectoribus
2762 1310 3088 1390 urbium
3145 1309 3503 1392 districte
3545 1314 3827 1421 prohi-

1041 1442 1238 1521 buit.
1274 1442 1571 1522 Statuit
1590 1446 1875 1523 iterum
1907 1465 1998 1525 ut
2018 1449 2604 1528 commissarios
2637 1447 2906 1527 fideles
2937 1467 3017 1527 et
3046 1447 3405 1556 ydoneos
3422 1450 3828 1558 eligerent,

1039 1579 1180 1688 qui
1219 1581 1574 1674 viventes
1600 1610 1778 1662 cum
1807 1580 2242 1663 moderatis
2271 1586 2641 1693 expensis
2677 1614 2768 1664 ac
2811 1584 2982 1668 sine
3024 1582 3446 1693 stipendiis
3467 1647 3487 1682 ‚
3520 1583 3619 1665 de
3648 1615 3833 1695 pro-

1039 1716 1408 1796 ventibus
1432 1718 1935 1797 eoclesiarum
1976 1717 2517 1800 cardinalibus
2546 1720 3307 1800 concessarum-loca
3346 1725 3671 1801 ruinosa
3709 1724 3830 1801 fa-

1041 1872 1313 1933 cerent
1358 1860 1759 1962 reparari,
1807 1858 2078 1936 invitis
2121 1861 2371 1937 eciam
2408 1886 2686 1938 eorum
2730 1858 3438 1966 procuratoribus3
3486 1887 3833 1970 quorum

1043 2011 1308 2071 tamen
1361 1992 1880 2102 disposicioni
1922 1994 2410 2095 traderetur,
2455 1998 2523 2076 si
2569 1995 2768 2107 quid
2814 1993 3111 2075 residui
3157 2014 3622 2105 superesset.
3673 1998 3828 2075 Ite·

1042 2158 1222 2208 rum
1262 2131 1327 2209 si
1361 2160 1406 2208 a
1435 2131 1826 2240 religiosis
1860 2133 1941 2210 in
1986 2161 2265 2213 eorum
2306 2131 2802 2241 prioratibus
2841 2114 3525 2214 commorantibus
3555 2160 3832 2212 evoca-

1043 2287 1320 2347 rentur
1352 2270 1869 2348 commissarii
1906 2268 2170 2370 electi,
2214 2271 2326 2350 eis
2371 2270 2618 2350 libere
2656 2286 3069 2378 parerent,
3119 2287 3198 2347 et
3240 2266 3575 2368 eisdem,
3602 2271 3833 2380 juxta

1039 2434 1458 2484 numerum
1500 2425 1970 2486 consuetum
2017 2408 2138 2488 vel
2181 2405 2624 2487 resdituum
2668 2406 3165 2504 facultatem,
3231 2407 3545 2486 realiter
3598 2425 3677 2490 et
3724 2406 3833 2486 de

1038 2543 1249 2623 facto
1273 2607 1289 2638 ,
1335 2546 1626 2623 victum
1661 2562 1741 2624 et
1789 2563 2048 2628 cetera
2091 2546 2530 2625 necessaria
2568 2545 3119 2623 ministrarent
3179 2543 3546 2639 honeste,
3600 2546 3830 2650 ipsis-

1040 2708 1196 2791 que
1220 2679 1319 2759 de
1355 2682 1597 2760 misiis
1626 2680 1855 2761 factis
1882 2680 2312 2762 redderent
2337 2682 2764 2778 racionem,
2797 2678 3205 2790 dictasque
3234 2681 3831 2760 commissiones

1042 2817 1438 2898 duntaxat
1483 2816 1583 2896 ad
1628 2846 1908 2896 eorum
1947 2819 2270 2898 libitum
2320 2836 2805 2898 exercerent.
2851 2804 2954 2896 Et
3001 2845 3180 2897 cum
3219 2845 3353 2895 rex
3390 2844 3558 2895 non
3594 2818 3825 2924 igno-

1042 2974 1299 3054 raret,
1336 2954 1554 3065 quod
1596 2984 1775 3036 cum
1814 2959 2277 3068 episcopm,
2314 2958 2644 3037 abbates
2678 2974 3181 3068 rectoresque
3223 2954 3651 3036 domorum
3683 2957 3829 3035 Dei

1046 3096 1389 3201 migrare
1413 3094 1966 3204 contingebat,
2001 3097 2217 3176 bona
2248 3123 2528 3175 eorum
2554 3093 2897 3213 mobilia„
2916 3094 3382 3175 collectores
3417 3113 3494 3174 et
3523 3094 3834 3174 subcol-

1044 3231 1375 3311 lectores
1429 3261 1635 3343 pape
1694 3232 1795 3311 ad
1846 3262 2081 3313 usum
2129 3232 2433 3343 papalis
2483 3261 2789 3311 camere
2837 3261 3115 3341 rapere
3174 3232 3700 3329 conabantur,
3754 3252 3832 3312 et

1045 3372 1305 3479 sepius
1352 3370 1500 3449 sub
1551 3389 1921 3479 pretextu
1967 3372 2486 3450 serviciorum
2534 3366 2901 3448 nundum
2942 3367 3385 3447 solutorum
3413 3430 3432 3464 ,
3477 3366 3684 3446 hanc
3733 3367 3827 3444 li-

1043 3510 1395 3587 cenciam
1442 3508 1872 3587 violentam
1917 3510 2290 3616 potencia
2351 3507 2663 3587 brachii
2709 3506 3079 3587 secularis
3119 3502 3492 3613 deinceps
3525 3506 3832 3584 censuit

1047 3644 1628 3726 refrenandam.

1160 3783 1326 3861 Hee
1406 3784 1768 3891 superius
1820 3798 2097 3860 notata
2161 3809 2427 3860 mense
2505 3780 2820 3859 octobri
2885 3808 3100 3859 anno
3170 3780 3325 3855 isto
3399 3803 3538 3853 rex
3590 3774 3830 3882 longe

1046 3922 1355 4031 lateque
1386 3949 1527 4029 per
1569 3948 1903 4028 regnum
1943 3920 2132 3998 fecit
2164 3918 2482 4027 publice
2516 3918 3033 4027 promulgari,
3071 3916 3490 3996 dominum
3517 3917 3828 3994 Arnau-

1048 4057 1241 4137 dum
1283 4056 1381 4137 de
1421 4058 1764 4138 Corbeia
1794 4120 1814 4155 ,
1851 4058 2203 4166 primum
2244 4055 2786 4165 presidentem
2816 4056 2900 4134 in
2924 4053 3403 4134 Parlamenti
3440 4054 3686 4152 curia,
3730 4049 3832 4131 ad

1046 4225 1336 4306 papam
1365 4215 1698 4306 propter
1731 4195 1891 4277 hoc
1929 4196 2257 4293 mitem,
2298 4195 2440 4306 qui
2482 4192 2900 4273 ratificavit
2949 4191 3347 4302 predicta,
3387 4192 3830 4300 promitens

998 4360 1008 4369 “
1046 4333 1263 4448 quod
1301 4364 1711 4449 nunquam
1742 4351 2290 4443 attemptatam
2324 4333 2822 4431 exactionem
2857 4330 3172 4411 effectui
3211 4329 3718 4439 manciparet.
