4666 6014
1086 641 1230 714 540
1544 634 2227 713 mmomcomm
2276 638 2634 715 mou
2684 641 2967 716 saxu
3012 642 3194 718 Lm.
3247 639 3385 720 ix.
3697 734 3705 741 ,
3760 646 3870 744 ,ξς

1847 849 1848 854 ¹
1975 910 2652 995 CAPITULUM
2711 913 2961 994 v111.

1774 1120 2042 1197 Qualiter
2062 1120 2270 1184 ducem
2299 1122 2372 1183 de
2401 1122 2634 1184 Guerlis
2661 1144 2765 1184 rex
2793 1122 3141 1186 humiliavit.

1195 1351 1391 1431 Pace
1451 1378 1634 1429 cum
1684 1351 2043 1459 genitore
2096 1355 2606 1434 sacramentis
2664 1352 2944 1436 vallata
2965 1414 2987 1453 ‚
3057 1353 3159 1434 ad
3230 1354 3864 1467 persequendum

1081 1484 1332 1566 filium
1363 1515 1510 1566 rex
1529 1516 1709 1567 cum
1737 1487 1895 1568 suis
1931 1488 2380 1597 legionibus
2414 1489 2789 1572 ducatum
2824 1487 2925 1570 de
2955 1490 3308 1590 Guerlis‚
3335 1481 3677 1599 patriam
3706 1498 3865 1575 uti·

1085 1651 1239 1732 que
1285 1623 1746 1708 salubritate
1784 1642 1864 1704 et
1907 1626 2107 1706 aeris
2143 1645 2366 1735 grata
2397 1630 2779 1736 temperie
2813 1625 3520 1709 commendabilem
3540 1691 3560 1725 ,
3607 1629 3861 1710 solum

1083 1758 1508 1841 habentem
1538 1762 1891 1869 opimum
1909 1824 1930 1860 ,
1962 1762 2392 1843 arboribus
2421 1782 2660 1875 atque
2680 1764 3053 1872 frugibus
3085 1791 3417 1871 prorsus
3444 1764 3744 1865 habile,
3787 1784 3866 1846 et

1085 1897 1565 2004 agriculture
1615 1898 2342 1979 commodissimum
2364 1962 2383 1999 ,
2440 1902 2837 2009 ingressus
2879 1919 3023 1981 est.
3068 1904 3175 1981 At
3214 1901 3353 1980 ubi
3395 1929 3646 2013 usque
3704 1903 3863 1983 Go-

1081 2034 1303 2115 ranci
1331 2021 1811 2144 pervenisset
1842 2037 2253 2136 exercitus,
2276 2066 2469 2120 mox
2493 2055 2769 2149 captus
2800 2039 3200 2118 uberioris
3230 2037 3376 2117 soli
3401 2035 3820 2118 dulcedine
3844 2100 3862 2135 ,

1086 2187 1164 2250 et
1203 2172 1287 2249 in
1323 2172 1501 2253 loco
1540 2172 1824 2273 fertili,
1868 2174 2116 2273 silvis,
2154 2177 2466 2283 pascuis
2503 2192 2582 2254 et
2622 2172 3084 2255 omnimoda
3128 2171 3692 2254 commoditate
3744 2202 3867 2255 re-

1083 2307 1330 2405 ferto,
1373 2309 1622 2419 figens
1678 2314 2060 2411 tentoria,
2091 2287 2368 2393 ‘castra
2406 2330 2748 2392 metatus
2789 2309 3127 2410 insedit;
3167 2331 3247 2391 et
3287 2310 3400 2390 ibi
3442 2312 3684 2390 trium
3718 2309 3867 2390 eb-

1083 2444 1610 2528 domadarum
1650 2449 1920 2557 spacio
1951 2448 2243 2529 bellum
2286 2450 2409 2530 vel
2449 2450 2665 2558 pacis
2705 2465 3128 2530 tractatum
3170 2448 3614 2556 expectavit
3632 2511 3651 2546 ,
3702 2474 3868 2527 non

1085 2603 1352 2666 tamen
1387 2587 1558 2666 sine
1592 2586 2101 2666 familiarium
2145 2614 2410 2666 rerum
2452 2588 2802 2666 maximo
2842 2583 3350 2665 detrimento.
3381 2586 3622 2683 Nam,
3654 2584 3866 2665 velut

1086 2719 1407 2802 adversa
1429 2721 1754 2802 fortuna
1785 2723 2145 2810 omnium
2162 2722 2606 2802 laboriosos
2634 2721 2962 2829 spiritus
2991 2721 3335 2830 experiri
3360 2719 3866 2825 decrevisset,

1082 2859 1282 2938 aeris
1313 2860 1567 2966 viguit
1602 2857 2148 2957 inclemencia,
2192 2876 2272 2938 et
2304 2859 2715 2939 alternatis
2754 2857 3059 2938 vicibus
3099 2857 3548 2965 pluviarum
3580 2858 3862 2938 intem-

1088 2997 1340 3102 peries
1376 3013 1597 3074 tanta
1628 2994 1818 3093 fuit,
1853 3013 1943 3076 ut
1974 3013 2463 3077 armatorum
2502 2996 2857 3075 virorum
2887 2995 3333 3105 papiliones
3369 2996 3501 3075 vix
3542 3012 3865 3104 possent

1091 3132 1467 3212 cohibere
1524 3129 1921 3212 stillicidia
1947 3193 1968 3231 ,
2020 3131 2235 3213 unde
2286 3150 2365 3211 et
2418 3133 2668 3213 victus
2719 3149 2799 3211 et
2853 3132 3201 3243 supellex
3251 3132 3709 3213 omnimoda
3769 3132 3867 3212 de

1089 3265 1414 3347 madore
1482 3267 1692 3376 jugis
1763 3295 1964 3377 aque
2032 3287 2742 3376 corrumperentur
2800 3286 2881 3348 et
2940 3285 3508 3376 putrescerent.
3582 3271 3867 3351 Hostes

1086 3432 1359 3513 greges
1395 3423 1476 3485 et
1507 3424 1902 3505 armenta,
1940 3424 2019 3486 et
2047 3408 2111 3485 si
2152 3435 2310 3518 qua
2348 3405 2497 3485 alia
2532 3406 2614 3485 in
2646 3405 2972 3514 peculiis
3013 3405 3419 3485 habebant
3458 3405 3864 3501 animalia,

1085 3541 1188 3624 de
1224 3543 1796 3652 campestribus
1837 3541 1940 3622 ad
1979 3542 2276 3652 oppida
2306 3545 2426 3624 vel
2460 3518 2633 3623 loca
2673 3545 3054 3651 impervia
3077 3605 3110 3642 ,
3134 3544 3539 3652 peniciora
3559 3604 3578 3639 ,
3610 3560 3865 3621 trans-

1081 3679 1482 3779 ferebant,
1523 3680 2043 3790 Francosque
2078 3680 2398 3789 longius
2440 3680 2909 3790 pabulantes
2944 3680 3210 3761 multis
3251 3678 3707 3761 afficiebant
3748 3681 3866 3758 iua

1094 3814 1567 3914 commodis;
1609 3816 1857 3925 fitque
1910 3814 2237 3897 tandem
2294 3816 2511 3927 quod
2539 3880 2558 3917 ‚
2627 3816 2899 3926 pabuli
2966 3834 3300 3925 urgente
3367 3817 3860 3913 necessitate,

1087 3954 1269 4063 equi
1306 3953 1532 4033 multi
1567 3953 2041 4062 peroptimi,
2082 3955 2222 4065 qui
2253 3953 2463 4035 calce
2499 3973 2578 4034 et
2617 3952 2993 4035 dentibus
3030 3981 3258 4032 suam
3287 3953 3533 4059 -prius
3564 3969 3866 4059 protes-

1087 4089 1463 4170 tabantur
1516 4092 2004 4200 superbiam,
2060 4094 2294 4201 quasi,
2341 4091 2518 4172 vilia
2561 4090 3003 4200 subjugalia
3045 4109 3232 4170 sunt
3271 4092 3678 4199 assumpti.
3724 4092 3863 4171 In-

1091 4255 1328 4335 super
1352 4289 1371 4326 ,
1403 4256 1856 4339 quanquam
1902 4227 2002 4310 de
2037 4230 2387 4339 Trajecti
2425 4230 2605 4310 villa
2630 4292 2649 4327 ,
2692 4231 2775 4308 in
2816 4227 3109 4309 ducatu
3138 4226 3627 4309 Brebantino
3670 4230 3815 4308 sita
3841 4291 3858 4325 ‚

1085 4382 1164 4445 et
1193 4365 2038 4474 circumadjacentibus
2073 4370 2298 4477 pagis
2341 4368 2591 4448 victus
2621 4364 3072 4447 cotidianus
3121 4363 3861 4445 habundantissime

1087 4500 1546 4593 afferretur,
1587 4503 2019 4585 nonnullos
2064 4522 2327 4585 tamen
2367 4506 2829 4613 peccuniam
2869 4501 2967 4583 ad
3012 4500 3640 4611 comparandum
3693 4506 3858 4583 nou

1083 4638 1467 4720 habentes
1496 4637 1673 4719 dira
1703 4639 1947 4721 fames
1979 4641 2257 4749 procul
2298 4639 2551 4724 dubio
2580 4640 3140 4753 oppressisset,
3177 4637 3332 4718 nisi
3368 4637 3523 4718 sibi
3556 4663 3749 4745 egen
3760 4637 3859 4715 ti-

1091 4774 1241 4855 bus
1273 4803 1369 4855 ex
1403 4764 1721 4884 frugum
1763 4774 2320 4893 habundancia
2351 4776 2910 4888 providissent.
