4666 6014
985 711 1154 782 276-
1452 699 2136 776 canoniconum
2185 701 2542 775 KARou
2592 700 2877 776 sEx'n
2927 683 3104 778 Lm.
3159 689 3286 780 1v'.

987 857 1308 935 vissima
1361 851 1655 961 scapha
1697 853 2127 959 enavigato
2180 880 2456 949 amne,
2530 853 2803 933 muros
2830 851 3037 934 'ville
3093 852 3497 933 ambiente
3525 914 3543 951 ,
3601 883 3783 934 cum

989 1008 1220 1071 tanto
1281 990 1608 1069 silencio
1674 1005 2090 1069 murorum
2147 987 2681 1072 summitatem
2745 993 3188 1100 attigerunt
3210 1055 3228 1090 ‚
3298 1019 3469 1072 non
3537 983 3784 1071 modo

987 1129 1260 1237 vigiles
1315 1127 1719 1228 fallerent,
1778 1127 1918 1207 sed
1970 1156 2073 1206 ne
2132 1155 2365 1208 canes
2418 1128 2783 1241 quidem,
2848 1130 3187 1210 sollicita
3250 1128 3625 1208 animalia
3690 1127 3792 1209 ad

992 1277 1433 1348 no‘cturnos
1483 1268 1904 1376 strepitus,
1957 1267 2399 1346 excitarent
2439 1298 2457 1367 ;
2518 1269 2789 1380 sicque
2843 1270 2929 1347 in
2979 1267 3161 1348 ville
3207 1265 3560 1346 medium
3607 1296 3795 1377 pro-

893 1411 898 1424 '
991 1422 1454 1513 rumpentes
1510 1422 1591 1483 et
1631 1403 1922 1514 milicie
1965 1401 2360 1486 admiralli
2408 1405 2730 1514 titulum
2765 1404 3327 1505 exclamanteS,
3392 1422 3795 1517 quotquot
3852 1444 3869 1456 -

996 1541 1095 1620 ad
1153 1521 1693 1621 resistenciam
1749 1560 2072 1652 paratos
2142 1545 2561 1653 reperiunt
2622 1546 2802 1624 neci
2851 1542 3211 1628 tradunt.
3275 1539 3474 1622 Inde
3536 1545 3795 1623 territi

992 1681 1234 1759 ceteri
1272 1681 1455 1758 cum
1490 1678 1886 1796 fugientes
1927 1681 2014 1758 in
2056 1682 2604 1789 penicioribus
2648 1682 2844 1763 locis
2882 1710 2966 1762 se
3005 1678 3619 1761 abscondissent
3655 1679 3797 1761 do-

992 1847 1348 1916 morum,
1384 1817 1883 1917 admiralius,
1905 1819 2401 1934 quibusdam
2433 1839 2533 1901 ex
2567 1825 2730 1904 suis
2763 1821 2865 1901 ad
2899 1839 3320 1930 portarum
3338 1818 3797 1922 ¹custodiam

996 1943 1398 2066 deputatis
1419 2019 1438 2054 ,
1469 1957 1736 2036 villam
1770 1955 2177 2067 predalem
2218 1961 2499 2039 statuit
2520 2019 2539 2055 ‚
2584 1979 2663 2038 et
2700 1977 2794 2038 ut
2833 1956 3212 2038 manubie
3243 1973 3325 2037 et
3354 1973 3638 2036 cuncta
3677 1955 3789 2036 ibi

995 2113 1311 2206 reperta
1353 2097 1517 2174 suis
1566 2096 1653 2174 in
1691 2095 2000 2174 ‘laboris
2049 2097 2790 2178 remuneracionem
2835 2115 2915 2176 et
2955 2081 3443 2176 refusionem
3493 2121 3793 2204 expen-

996 2260 1264 2311 sarum
1303 2233 1641 2310 omnino
1687 2229 2100 2332 cederent,
2142 2232 2243 2313 ad
2287 2263 2553 2342 regem
2589 2236 2918 2313 mittens
2952 2235 3341 2313 nuncium
3363 2296 3380 2331 ,
3420 2261 3602 2312 cum
3630 2232 3795 2342 jam
3848 2307 3854 2315 .

996 2398 1285 2449 aurora
1320 2371 1939 2481 propinquaret,
1963 2373 2108 2482 qui
2149 2374 2264 2451 rei
2297 2389 2512 2480 geste
2542 2374 2828 2453 seriem
2865 2374 3309 2452 nunciaret.
3492 2477 3501 2484 ο

1110 2504 1354 2607 Quod
1391 2536 1575 2587 cum
1591 2505 1694 2586 ad
1719 2507 2103 2588 noticiam
2124 2509 2470 2607 illorum,
2499 2513 2638 2622 qui
2668 2511 3036 2591 tentoriis
3061 2508 3578 2621 quiescebant
3601 2522 3681 2585 et
3712 2509 3795 2584 in

1001 2642 1273 2752 predis
1298 2647 1321 2688 ¹
1354 2634 1604 2723 ‘ditari
1647 2666 2189 2747 assueverant,
2225 2650 2751 2758 pervenisset,
2793 2648 2980 2728 illuc
3022 2649 3243 2727 ocius
3294 2661 3795 2725 accurrentes

999 2810 1251 2861 uncos
1295 2781 1598 2862 ferreos
1647 2783 1872 2863 scalis
1921 2811 2019 2864 ex
2063 2785 2396 2866 funibus
2444 2787 2857 2867 canabinis
2901 2784 3418 2865 artificialiter
3464 2784 3793 2878 intextis

1000 2922 1251 3000 muris
1280 2921 1722 3029 applicant,
1756 2951 1939 3002 cum
1973 2923 2173 3004 alius
2204 2923 2466 3005 aditus
2491 2955 2658 3005 non
2684 2941 3029 3035 pateret,
3072 2919 3795 3033 descendentesque

999 3057 1433 3145 domorum
1481 3057 1744 3141 aditus
1783 3064 2073 3142 armati
2115 3082 2502 3164 reserant,
2556 3090 2839 3145 eorum
2882 3064 3055 3142 loca
3085 3063 3522 3143 secreciora
3552 3087 3795 3166 pene-

963 3213 1252 3293 -tran't,
1303 3195 1671 3309 factaque
1708 3217 1898 3278 sunt
1936 3198 2497 3283 desiderabilia
2537 3201 3039 3282 urbanorum
3078 3227 3358 3281 eorum
3399 3193 3682 3306 preda,
3721 3214 3799 3275 et

999 3360 1312 3445 queque
1342 3337 1698 3442 speciosa
1733 3340 1818 3415 in
1839 3354 2140 3416 sortem
2171 3340 2328 3419 sibi
2371 3340 2625 3447 spolia
2660 3337 3129 3419 diviserunt.
3161 3332 3317 3413 Sed
3352 3331 3547 3412 dum
3579 3330 3681 3412 ad
3711 3332 3794 3411 id

997 3471 1329 3551 sollicite
1372 3502 1649 3552 omnes
1684 3473 2234 3572 intenderent,
2275 3494 2356 3554 et
2391 3475 2722 3588 quidam
2751 3503 2849 3555 ex
2879 3474 3264 3582 gregariis
3305 3474 3391 3550 in
3421 3470 3798 3550 extremis

998 3608 1373 3689 domibus
1407 3612 1680 3717 ignem
1718 3612 2214 3721 injecissent,
2257 3642 2447 3692 mox
2485 3613 3010 3694 invalescente
3049 3606 3426 3707 incendio
3466 3610 3796 3693 suscita-

999 3768 1125 3828 tus
1157 3766 1276 3827 est
1310 3765 1590 3828 ventus
1622 3748 2077 3850 vehemens,
2105 3752 2246 3863 qui
2280 3770 2489 3830 totas
2520 3750 3019 3829 flammarum
3046 3750 3253 3829 vires
3286 3748 3372 3825 in
3410 3745 3797 3857 reliquam

996 3887 1226 3969 urbis
1268 3905 1580 3995 partem
1610 3886 1807 3967 flatu
1837 3917 1981 3968 suo
2018 3892 2132 3969 sic
2164 3874 2595 3987 contorsit,
2631 3887 2852 4000 quod
2883 3900 3255 3997 magnam
3286 3902 3596 3994 partem
3628 3868 3795 3962 edi-

1002 4025 1369 4106 ficiorum
1415 4044 1496 4105 et
1540 4044 2104 4134 congestarum
2155 4029 2321 4138 jam
2374 4026 2811 4138 predarum
2868 4029 2956 4106 in
3007 4023 3354 4105 favillam
3402 4023 3801 4102 convertit

999 4166 1334 4271 penitus
1353 4182 1433 4244 et
1469 4168 1990 4273 consumpsit.
2026 4166 2146 4245 Ex
2181 4185 2374 4246 tunc
2407 4165 2705 4246 clamor
2735 4165 3007 4246 omnia
3038 4162 3281 4243 variis
3315 4162 3802 4241 terrencium

999 4330 1089 4380 ac
1127 4306 1596 4411 pavencium
1633 4303 1963 4385 vocibus
1984 4366 2003 4402 ,
2057 4306 2314 4384 mixto
2363 4305 2789 4387 mulierum
2827 4322 2911 4383 et
2952 4329 3389 4412 puerorum
3439 4299 3756 4409 ploratu
3777 4359 3799 4391 ,

1000 4440 1447 4549 complevit.
1493 4442 1725 4523 Tunc
1764 4440 2068 4553 ubique
2110 4440 2326 4523 edita
2370 4442 2526 4522 fuit
2575 4461 2899 4551 strages.
2937 4442 3101 4542 Qui
3152 4442 3420 4547 ignem
3453 4452 3798 4544 tempta-

999 4577 1198 4657 bant
1239 4579 1549 4686 fugere,
1592 4588 1938 4660 armatos
1980 4581 2492 4692 reperiebant
2541 4609 2723 4660 cum
2771 4580 3070 4660 strictis
3120 4574 3439 4685 gladiis,
3476 4573 3615 4684 qui
3659 4598 3797 4649 eos

1002 4716 1084 4827 in
1151 4704 1643 4797 infidelitatis
1699 4716 2137 4797 vindictam
2196 4723 2374 4799 neci
2427 4720 2773 4822 dabant3
2828 4721 3101 4830 sicque
3157 4706 3475 4793 Scillam
3550 4709 3799 4790 vitare

1039 4988 1044 4993 Ι
1075 4931 1089 4952 ’
1139 4925 1278 4979 Var.
1300 4950 1313 4977 .-
1344 4941 1407 4980 n⁰
1432 4923 1602 4998 5960,
1630 4923 1727 4980 sol.
1756 4922 1826 4981 55
1854 4945 1926 4995 r.,·
1952 4936 2009 4983 et
2032 4930 2133 5001 qui
2154 4924 2360 5000 predis'.
