4666 6014
1133 684 1226 752 42
1640 670 2329 750 CHROMGORUM
2363 656 2727 748 K'AROLI
2777 672 3060 748 SEXTI
3111 674 3286 749 Lm.
3342 673 3395 747 1,

1134 860 1169 899 <c
1226 822 1447 937 quod
1500 825 1568 904 si
1624 841 2007 933 perpetua
2046 821 2479 904 concordia
2518 825 2622 904 sit
2675 826 2887 903 inter
2933 850 3107 922 vos,
3160 825 3316 903 hoc
3363 848 3698 931 regnum
3756 850 3925 901 om·-

1133 996 1168 1034 «
1209 963 1436 1040 nium
1466 978 1900 1067 regnorum
1936 960 2379 1040 maximum
2415 986 2881 1041 mansurum
2920 968 3090 1040 non
3131 956 3602 1069 ambigitur,
3654 960 3919 1068 lapsu-

1134 1134 1169 1172 «
1210 1125 1545 1208 rumque
1600 1096 1827 1176 facile
1880 1096 2051 1176 fieri
2104 1094 2509 1194 discordia
2553 1100 2624 1195 ¹3
2681 1125 2921 1208 quam
2977 1114 3245 1201 *tamen
3267 1158 3286 1195 ,
3345 1125 3448 1175 ne
3503 1097 3920 1175 occasione

1131 1270 1168 1308 α
1210 1235 1583 1315 instantis
1644 1235 2185 1313 controversie
2256 1252 2753 1333 causaretur,
2832 1261 2976 1343 per
3038 1236 3310 1314 omnia
3375 1232 3920 1344 amplectende

1133 1406 1169 1444 α
1213 1367 1807 1449 recordacionis
1858 1398 1996 1450 rex
2047 1371 2393 1459 Karolus
2435 1371 2735 1452 —statuit
2754 1433 2773 1470 ,
2841 1338 3036 1455 dum
3093 1368 3354 1450 adhuc
3439 1373 3525 1450 in
3586 1371 3921 1478 sceptris

1132 1541 1168 1579 ι(
1210 1523 1522 1612 ageret,
1582 1506 1900 1586 evitare.
1959 1505 2143 1585 Scio
2183 1535 2348 1587 vos,
2378 1536 2548 1587 non
2607 1509 3020 1615 ignorare,
3089 1506 3432 1616 preclari
3477 1508 3918 1617 principes,

1133 1677 1169 1714 «
1210 1670 1455 1753 quam
1491 1641 1829 1723 ferventi
1862 1640 2259 1723 desiderio
2299 1645 2570 1725 vivens
2609 1645 3006 1752 optaverit
3045 1643 3300 1724 filium
3331 1646 3418 1724 in
3463 1646 3719 1752 regni*
3736 1670 3922 1722 con-

1133 1812 1175 1852 «
1212 1796 1510 1857 sortem
1561 1804 1958 1858 assumere
1978 1840 1996 1877 ,
2056 1798 2138 1859 et
2190 1808 2373 1860 cum
2427 1782 2937 1861 *Francorum
2986 1779 3461 1861 exuberanti
3522 1780 3782 1859 leticia
3839 1782 3924 1856 in

1132 1948 1169 1987 «
1213 1917 1442 2029 regni
1477 1915 1680 1993 solio
1715 1914 2166 1995 sublimare.
2202 1912 2918 2028 verbisque-fidem
2949 1916 3256 1997 ’faciunt
3285 1944 3493 1996 nova
3515 1935 3595 1996 et
3627 1910 3927 1994 in'com·

1134 2086 1170 2126 <c
1212 2049 2103 2161 parabilia·‹indumenta
2138 2052 2432 2162 regalia
2460 2056 2719 2134 aureis
2748 2071 2964 2133 texta
2995 2053 3180 2134 liliis
3202 2115 3221 2152 ,
3268 2082 3423 2164 que
3463 2080 3646 2161 sepe
3689 2051 3924 2131 nohis

1134 2222 1169 2262 <c
1211 2188 1736 2268 familiaribus
1808 2186 2160 2296 gaudens
2189 2250 2209 2287 ,
2284 2208 2366 2268 et
2434 2185 2655 2300 quod
2726 2186 2867 2268 diu
2937 2186 3305 2270 abditum
3383 2188 3534 2268 sub
3604 2182 3924 2297 pectore

1133 2359 1169 2396 ι(
1212 2323 1603 2407 habuerat
1650 2325 2013 2432 aperiens
2032 2386 2050 2423 ,
2111 2323 2506 2405 referebat
2552 2322 2654 2405 ad
2697 2324 2857 2403 hoc
2916 2353 3120 2435 opus
3169 2327 3255 2405 in
3301 2323 3624 2404 ecclesia
3679 2323 3921 2431 regali

1132 2495 1168 2533 (ε
1210 2460 1427 2543 beati
1462 2460 1832 2568 Dyonisii
1885 2461 2206 2541 servari.
2264 2465 2381 2571 Ac
2438 2461 2575 2540 ubi
2613 2490 2717 2545 ,se
2737 2540 2742 2545 ,
2764 2458 2969 2543 vidit
3018 2463 3464 2572 peregrinis
3510 2462 3922 2541 astrictum

1134 2630 1170 2669 α
1213 2594 1818 2675 infirmitatibus
1861 2620 2035 2683 mu
2077 2624 2309 2705 posse
2356 2595 2580 2709 quod
2630 2613 3106 2706 conceperat
3158 2598 3558 2707 complere
3575 2659 3593 2696 ‚
3649 2593 3917 2677 editali

1133 2767 1170 2805 ε(
1210 2732 1381 2840 lege
1430 2733 1742 2841 integra
1803 2751 2300 2832 remanente,
2361 2731 2544 2813 duci
2603 2731 3074 2843 Burgundie
3116 2733 3349 2815 fratri
3410 2761 3560 2815 suo
3611 2734 3918 2841 juniori

1133 2905 1167 2941 «
1211 2896 1302 2947 ac
1342 2865 1527 2949 duci
1558 2869 2091 2949 Borboniensi
2131 2868 2443 2950 dilectis
2479 2898 2756 2950 curam
2803 2889 2883 2950 et
2934 2898 3256 2951 morum
3311 2871 3920 2959 instructionem

1134 3041 1170 3082 α
1210 3005 1556 3085 filiorum
1638 3005 2148 3114 singulariter
2232 3007 2664 3090 commisit.·
2731 3009 2986 3088 Dictis
3057 3004 3342 3088 addam
3418 3004 3636 3120 quod
3712 3006 3919 3085 hanc

1126 3178 1162 3215 «
1203 3159 1642 3240 extremam
1663 3142 2153 3223 voluntatem
2186 3145 2659 3253 exequcioni
2691 3142 2865 3224 dari
2895 3146 3169 3257 jussit,
3202 3145 3267 3225 si
3302 3174 3400 3224 ex
3423 3144 3579 3224 hoc
3609 3141 3915 3223 mundo

1132 3316 1168 3353 <c
1208 3270 1629 3398 migraret3
1702 3299 1782 3359 et
1832 3263 1955 3360 ne'
1980 3299 2344 3390 sumptus
2385 3278 2817 3394 deficerent
2861 3281 2962 3363 ad
3006 3312 3132 3364 res
3183 3281 3654 3364 domesticas
3709 3282 3916 3390 regis

1130 3453 1165 3490 <c
1208 3419 1398 3497 novi
1447 3413 1894 3500 reddendas
1935 3416 2362 3527 ampliores
2410 3437 2490 3500 et
2542 3405 2836 3526 statum
2883 3417 3529 3503 continuandum
3568 3421 3914 3527 regium,

1131 3588 1167 3626 «
1209 3551 1514 3634 reditus
1561 3571 1643 3632 et
1694 3571 2132 3662 proventus
2178 3557 2686 3664 prepositure
2730 3557 3194 3638 Parisiensis
3218 3618 3240 3654 ‚
3290 3554 3604 3635 ballivie
3666 3552 3914 3634 Silva·-

1130 3723 1167 3760 «
1208 3690 1558 3769 netensis
1586 3704 1668 3767 et
1695 3691 1954 3769 tocius
1976 3690 2049 3767 N
2055 3693 2415 3771 ormanie
2438 3690 2632 3801 ipsis
2654 3689 2997 3773 ducibus
3019 3689 3577 3801 percipiendos
3608 3692 3908 3784 statuit,

1125 3858 1163 3897 (ι
1211 3822 1471 3908 donec
1513 3825 2098 3933 primogenitus
2137 3843 2431 3908 etatem
2476 3829 3031 3910 coronacionis
3072 3827 3484 3935 attigisset.
3520 3859 3558 3898 >›

1243 3961 1573 4040 Prelatis
1608 3962 1797 4041 hinc
1827 3960 2018 4041 inde
2048 3965 2508 4045 racionibus
2527 4026 2546 4061 ,
2578 3963 2929 4044 solutum
2959 3969 3079 4043 es't
3108 3962 3668 4043 consistorium
3693 3962 3919 4066 prin—

1125 4100 1427 4205 cipum,
1458 4087 1678 4208 quod
1701 4097 2217 4207 postmodum
2246 4100 2551 4181 vicibus
2581 4102 2972 4209 repetitis,
2996 4125 3212 4180 nunc
3240 4100 3327 4176 in
3359 4113 3684 4175 nemore
3695 4093 3889 4172 Vice

1112 4260 1435 4330 narum,
1463 4262 1676 4313 nunc
1699 4234 1915 4344 apud
1931 4237 2370 4346 Luparam,
2387 4236 2947 4317 celebrandum
2969 4233 3414 4318 astantibus
3433 4232 3901 4339 assignatur.

1126 4369 1291 4470 Qui
1322 4398 1502 4448 cum
1534 4398 1845 4479 semper
1882 4369 1983 4451 ad
2017 4390 2327 4478 partem
2363 4351 2823 4452 utramlibet
2852 4367 3364 4467 fluctuarent,
3411 4386 3492 4449 et
3514 4430 3533 4466 ,
3573 4370 3908 4480 quisque

1122 4534 1345 4585 suam
1384 4534 1537 4614 pro
1580 4507 1921 4586 arbitrio
1974 4505 2245 4618 dando
2286 4508 2801 4606 sentenciam,
2849 4506 2989 4588 diu
3026 4504 3264 4587 ducta
3316 4535 3442 4587 res
3482 4534 3626 4616 per
3671 4495 3907 4584 alter-

1194 4863 1206 4885 ·
1254 4856 1387 4911 Var.
1415 4883 1426 4908 .-
1456 4865 1522 4912 11⁰
1558 4854 1730 4930 5960,
1766 4855 1862 4913 fol.
1896 4843 1975 4931 29⁰
1999 4876 2031 4909 v
2053 4899 2069 4928 ,
2113 4856 2511 4932 lapsui-umque
2537 4856 2729 4927 facile,
2758 4839 2818 4914 si*
2838 4854 3142 4914 ctis-cordia.
