4666 6014
1117 707 1260 779 340
1613 699 2296 775 CHRONICORUM
2345 668 2701 776 KAno'u
2732 697 3034 772 :snx'n
3084 699 3262 771 us.
3318 698 3410 774 v.

1121 851 1494 933 dominus
1540 851 1943 932 Johannes
1986 846 2152 932 dux
2202 852 2541 950 Biturie,
2585 850 2845 959 palam
2891 846 3442 929 infidelitatem
3488 848 3862 961 detegens
3882 918 3900 951 ‚

1118 990 1423 1069 cunctis
1463 985 1973 1069 audientibus
2020 990 2485 1070 exclamavit
2517 1019 2539 1067 t
2587 1020 2625 1063 ε(
2671 986 2748 1065 Ο
2790 1011 3133 1097 nequam
3170 985 3577 1093 proditor,
3614 987 3903 1100 dignus

1118 1160 1155 1199 α
1189 1143 1481 1222 morte,
1537 1128 1826 1205 noxius
1862 1154 1944 1206 es
1992 1129 2277 1208 mortis
2324 1101 2816 1207 dilectissimi
2865 1123 3138 1203 fratris
3193 1121 3486 1203 nostri!
3525 1160 3563 1200 2>
3602 1126 3704 1205 Et
3759 1117 3903 1206 hec

1114 1263 1424 1364 dicens,
1463 1265 1699 1374 jussit
1739 1283 1829 1344 ut
1872 1261 2687 1373 comprehenderetur
2726 1294 2744 1343 ε
2789 1263 2916 1342 cui
2955 1280 3223 1342 tamen
3268 1259 3901 1374 obtemperatum

1115 1428 1280 1508 non
1309 1399 1465 1480 fuit
1484 1463 1507 1499 ,
1536 1400 1757 1481 nullo
1790 1430 1873 1482 se
1904 1401 2249 1482 ultorem
2283 1403 2578 1514 injurie
2611 1400 3021 1481 offerente.

2064 2451 2647 2535 CAPITULUM
2700 2453 2916 2534 V111.

2018 2685 2107 2744 De
2139 2685 2642 2750 disconveniencia
2692 2688 2981 2770 temporis.

1215 2914 1456 2991 Anno
1503 2913 1655 2990 isto
1689 2912 2097 3021 ymbrium
2139 2945 2481 2998 noverca
2525 2920 2834 3036 siccitas
2865 2946 2910 2996 a
2955 2944 3203 2998 verno
3248 2932 3607 3024 tempore
3641 2939 3923 3029 usque,

995 3036 1000 3041 ⁵
1100 3048 1200 3128 ad
1269 3051 1561 3129 mensis
1631 3055 1946 3159 augusti
2026 3053 2380 3137 medium
2450 3056 2536 3136 in
2595 3074 2768 3135 toto
2842 3083 3093 3164 regno
3166 3054 3499 3137 Francie
3563 3040 3890 3136 estatem

1099 3187 1707 3295 intemperatam
1769 3188 2168 3291 reddidit3
2221 3222 2378 3304 que
2441 3193 2746 3275 telluris
2803 3191 3209 3273 desiccans
3264 3193 3622 3301 germina
3670 3193 3894 3272 ferti-

1097 3323 1401 3402 litatem
1463 3345 1923 3407 cousuetam
1994 3346 2177 3409 cum
2241 3328 2595 3439 dampno
2652 3329 3237 3439 regnicolarum
3290 3327 3729 3437 impedivit.
3791 3330 3892 3409 Et

1095 3489 1276 3541 cum
1343 3489 1506 3543 non
1556 3462 1801 3544 modo
1856 3466 2174 3548 celestes
2231 3498 2435 3581 aque
2488 3468 2888 3597 deessent,
2949 3466 3087 3548 sed
3148 3485 3229 3547 et
3270 3468 3476 3545 circa
3534 3465 3887 3546 torridos

1093 3599 1360 3678 fontes
1409 3602 1814 3712 rivosque,
1856 3605 2264 3687 nonnullis
2305 3608 2526 3705 lociS,
2569 3614 2845 3716 greges
2887 3624 2967 3685 et
3007 3622 3361 3684 armenta
3402 3604 3578 3699 siti,
3624 3600 3892 3683 inedia

1092 3753 1170 3814 et
1216 3737 1591 3844 pestifera
1649 3738 1912 3820 scabie
1965 3763 2369 3853 assumpta
2415 3762 2625 3826 sunt.
2679 3746 2884 3824 Cum
2922 3740 3139 3852 apud
3189 3769 3462 3821 omnes
3505 3741 3661 3819 hoc
3702 3770 3890 3820 con-

1093 3888 1303 3950 stare
1331 3870 1761 3972 videretur,
1797 3877 2018 3989 quod
2051 3898 2388 3989 propter
2426 3898 2749 3989 peccata
2778 3882 3217 3959 Dominum
3254 3875 3356 3956 ad
3394 3876 3887 3960 iracundiam

1093 4011 1439 4118 populus
1472 4037 2073 4120 provocaverat,
2113 4019 2400 4127 prelati
2436 4018 2535 4100 de
2569 4021 2974 4099 communi
3019 4035 3469 4098 statuerunt
3506 4017 3845 4096 consilio
3867 4079 3885 4113 ,

1093 4163 1185 4224 ut
1242 4150 1644 4256 regnicole
1699 4153 2394 4262 predicacionibus
2453 4174 2977 4236 monerentur
3032 4172 3288 4236 errata
3342 4156 3747 4264 corrigere
3807 4172 3889 4233 et

1094 4311 1458 4367 excessus
1520 4288 1881 4399 redigere
1932 4293 2018 4371 in
2068 4292 2398 4374 modum
2420 4358 2438 4393 ,
2493 4314 2585 4375 ut
2640 4293 2962 4375 tandem
3019 4292 3121 4375 ad
3167 4290 3477 4403 frugem
3543 4293 3887 4373 melioris

1093 4425 1254 4502 vite
1292 4421 1716 4508 redeuntes
1758 4447 1838 4509 et
1877 4459 2031 4539 pro
2071 4434 2513 4517 commissis
2545 4432 2789 4543 digne
2817 4434 3409 4530 satisfacientes,
3454 4431 3890 4541 processio-

1092 4562 1334 4641 nibus
1390 4561 1698 4645 devotis
1725 4584 1806 4645 et
1846 4570 2263 4651 missarum
2310 4573 2808 4683 solempniiS,
2834 4599 3013 4651 eum
3046 4570 3203 4650 sibi
3248 4567 3678 4649 redderent
3724 4568 3886 4675 pla-

1089 4698 1460 4798 cabilem,
1506 4704 1647 4813 qui
1698 4709 2137 4812 peccatoris
2196 4739 2367 4791 non
2406 4712 2577 4793 vult
2627 4727 3009 4807 mortem,
3059 4707 3196 4790 sed
3248 4725 3340 4786 ut
3392 4709 3646 4814 magis
3696 4731 3889 4782 con-

1089 4853 1442 4918 vertatur
1498 4855 1577 4918 et
1633 4842 1867 4923 vivat.
1935 4845 2063 4927 Ab
2122 4846 2312 4928 hinc
2370 4867 2668 4947 autem,
2722 4845 3199 4956 disponente
3243 4870 3554 4927 summo
3615 4868 3884 4921 rerum
