4666 6014
1093 612 1235 687 526
1553 607 2236 682 CHRONICORUM
2287 605 2643 682 KARQLI
2693 605 2981 709 SEXTI
3028 603 3206 679 ΠΒ.
3259 601 3395 678 ΙΧ.

1095 799 1131 836 «
1172 760 1799 842 destructionem
1830 776 1910 854 et
1946 756 2486 867 opprobrium
2513 758 3113 867 sempiternum.
3142 792 3180 832 n
3216 756 3311 837 In
3344 757 3720 850 finalibus
3753 764 3881 841 in·-

1087 901 1397 978 ferens:
1434 929 1472 970 «
1502 895 1993 1007 Majestatem
2025 897 2327 1003 regiam
2359 921 2527 985 non
2563 892 2791 978 decet
2829 913 2955 975 tot
2993 893 3362 975 attediari
3406 897 3675 977 verbis
3708 899 3880 978 ina-

1090 1074 1126 1111 «
1170 1036 1434 1117 nibus.
1480 1036 1725 1132 Nam,
1771 1037 1838 1116 si
1873 1035 2009 1147 qui
2046 1031 2650 1143 expedicionem
2701 1034 3069 1114 bellicam
3111 1052 3447 1145 propter
3485 1053 3881 1117 terrarum

1092 1212 1128 1248 «
1171 1176 1527 1284 spacium
1563 1169 1956 1254 tediosum
1973 1235 1993 1271 ,
2041 1192 2178 1254 aut
2226 1191 2680 1254 exterarum
2732 1175 3098 1282 gencium
3125 1172 3524 1254 feritatem
3567 1175 3688 1280 vel
3730 1204 3877 1285 po·

1088 1350 1124 1386 «
1169 1314 1513 1393 tenciam
1577 1313 2077 1421 inexpertam
2106 1374 2125 1409 ,
2185 1329 2265 1392 et
2339 1313 2449 1391 ob
2505 1312 2664 1391 hoc
2720 1330 3262 1422 pugnatorum
3317 1311 3636 1421 agmina
3694 1314 3878 1395 illuc

1090 1487 1126 1525 «
1168 1446 1683 1530 transducere
1722 1447 2056 1557 dignum
2110 1448 2343 1530 duco.
2396 1451 2637 1532 Fama
2693 1451 2909 1529 enim
2964 1449 3477 1557 percelebriS,
3534 1453 3875 1531 serenis-

1090 1623 1125 1659 «
1168 1590 1365 1668 sime
1407 1583 1732 1667 domine
1755 1647 1775 1682 ,
1816 1586 2126 1693 ingenti
2158 1585 2461 1685 labore,
2494 1613 2802 1664 summa
2833 1584 3253 1684 industria,
3289 1616 3435 1667 nec
3466 1616 3634 1666 non
3667 1588 3872 1670 mul-

1089 1760 1125 1798 «
1168 1725 1272 1806 tis
1311 1740 1539 1831 parta
1572 1721 1988 1831 periquiS,
2029 1723 2427 1829 premium
2457 1750 2770 1831 semper
2818 1724 3101 1802 extitit-
3128 1723 3425 1830 milicie
3463 1723 3869 1831 gallicane.

1089 1895 1125 1932 «
1168 1856 1296 1939 Ad
1341 1856 1565 1970 quod
1621 1856 1905 1968 procul
1951 1856 2205 1939 dubio
2252 1856 2830 1969 acquirendum
2880 1857 3437 1967 preclarissimi
3493 1864 3877 1968 progeni-

1093 2031 1129 2070 «
1170 2015 1385 2077 tores
1445 1996 1687 2075 vestri
1765 1991 2280 2104 splendorem
2343 2023 2483 2075 sue
2532 1995 2960 2104 probitatis
3038 2023 3183 2103 per
3244 1992 3597 2076 diversos
3653 1997 3877 2076 orbis

1094 2170 1129 2206 «
1165 2132 1531 2213 cardines
1572 2149 2080 2241 sparserunt3
2121 2107 2380 2230 unde,
2429 2133 2495 2212 si
2526 2129 2719 2240 quid
2771 2132 3133 2240 preconii
3165 2131 3323 2211 sibi
3370 2134 3523 2241 ipsi
3556 2161 3881 2242 pepere-

1092 2307 1127 2343 «
1169 2272 1341 2352 rint
1364 2333 1384 2370 ,
1417 2288 1510 2351 ut
1553 2288 1736 2350 utar
1785 2266 2287 2381 breviloquio
2312 2331 2331 2366 ,
2376 2268 2813 2349 multorum
2857 2268 3342 2378 populorum
3387 2270 3737 2377 genitrix
3798 2289 3878 2350 et

1086 2444 1124 2482 «
1166 2409 1542 2519 alumpna
1577 2405 2015 2488 Germania
2061 2406 2614 2517 principaliter
2666 2435 2813 2486 nec
2855 2408 3258 2486 immerito
3297 2407 3520 2487 testis
3566 2427 3834 2487 manet
3855 2471 3872 2506 ,

1090 2582 1126 2618 «
1167 2544 1365 2626 dum
1421 2544 1873 2643 Bavariam,
1930 2543 2362 2624 Saxoniam
2385 2605 2407 2642 ,
2458 2545 2904 2639 Austriam,
2976 2561 3277 2623 ceteras
3298 2649 3307 2658 .
3331 2571 3653 2655 quoque
3718 2546 3873 2625 sibi

1093 2720 1129 2756 <c
1164 2679 1528 2766 subditas
1563 2683 1930 2790 regiones
1947 2681 2370 2761 Gallorum
2412 2708 2797 2764 mucrone
2829 2681 3277 2762 invincibili
3307 2684 3702 2791 conspicit
3728 2712 3872 2763 an-

1091 2857 1128 2895 «
1168 2822 1505 2930 tiquitus
1528 2817 2046 2930 perdomitas,
2084 2849 2176 2899 ac
2216 2848 2361 2927 per
2398 2818 2838 2900 multorum
2865 2847 3269 2910 annorum
3295 2820 3688 2900 curricula
3719 2824 3870 2900 mi-

1091 2995 1128 3034 «
1169 2960 1348 3039 licie
1378 2983 1517 3039 sue
1548 2983 1985 3068 repressam
2032 2955 2481 3057 audaciam3
2520 2985 2762 3070 quam
2788 2975 2881 3038 -et
2916 2983 3149 3065 nunc,
3182 2954 3346 3049 dux
3401 2955 3504 3038 de
3544 2959 3871 3039 Guerlia

1092 3131 1126 3167 «
1171 3122 1568 3175 resumere
1634 3123 1802 3174 non
1855 3092 2261 3174 formidat.
2325 3072 2479 3173 Hic
2532 3092 2954 3202 siquidem,
2995 3111 3089 3172 ut
3124 3093 3439 3194 videtiS,
3493 3122 3873 3203 arrogan-

1091 3266 1127 3305 «
1169 3206 1290 3345 cie
1331 3218 1636 3340 spiritu¹
1669 3233 2054 3339 agitatus,
2103 3233 2364 3338 apices
2402 3229 3361 3329 diffidencie‘doetinavin
3400 3261 3555 3344 que
3598 3258 3872 3344 quam-

1087 3406 1124 3443 «
1165 3372 1283 3464 vis
1340 3397 1387 3449 a
1453 3367 1861 3451 nonnullis
1923 3387 2398 3480 reputentur
2461 3369 2674 3451 velut
2750 3370 3093 3450 scintilla
3159 3367 3473 3450 modica
3544 3399 3866 3452 evanes-

1092 3541 1128 3579 «
1170 3533 1393 3603 cens,
1459 3503 1746 3584 dubito
1808 3521 2075 3586 tamen
2111 3508 2308 3616 quin
2345 3503 2448 3586 ad
2500 3508 2729 3616 regni
2772 3495 3213 3617 perniciem
3269 3508 3355 3585 in
3394 3509 3866 3586 immensum

1029 3650 1032 3655 “
1090 3677 1128 3715 «
1169 3658 1529 3735 crescant
1598 3639 2103 3737 incendium,
2169 3644 2325 3723 nisi
2391 3662 2611 3723 tante
2685 3617 3113 3725 temeritati
3187 3643 3579 3724 obviatur.
3641 3642 3863 3743 Quid

1087 3813 1124 3853 «
1163 3795 1459 3860 sonant
1489 3774 1986 3879 diffidencie,
2033 3781 2191 3860 nisi
2235 3778 2667 3863 adventum
2696 3784 3157 3892 proximum
3207 3780 3605 3885 teutonice
3659 3783 3865 3860 insa-

1086 3952 1122 3989 «
1164 3916 1348 3997 nie?
1372 3916 1600 4025 cujus
1622 3935 1705 4031 et
1743 3919 1813 3999 si
1845 3916 2096 3998 laxari
2128 3916 2441 3998 habene
2470 3920 3035 4027 permitantur,
3076 3946 3225 3998 nec
3257 3935 3448 3998 tunc
3478 3920 3649 4025 regi
3669 3921 3864 3999 sciet

1085 4088 1124 4128 α
1165 4051 1457 4133 ordine
1495 4050 1880 4152 racionis,
1923 4034 2071 4135 nec
2107 4055 2631 4135 miseracione
2684 4052 3033 4152 deflecti,
3082 4081 3230 4134 nec
3276 4053 3661 4162 religione
3699 4073 3861 4135 ωτ-

1085 4226 1122 4265 «
1164 4192 1362 4288 reri,
1415 4194 1684 4302 quam
1715 4209 1796 4285 et
1843 4192 2165 4281 innatus
2219 4191 2448 4272 furor
2502 4193 2886 4301 exagitat,
2942 4210 3023 4273 et
3072 4192 3462 4299 rapacitas
3507 4191 3861 4273 stimulat

1083 4363 1122 4401 «
1162 4347 1403 4443 atque
1437 4325 1693 4409 libido
1722 4327 2049 4410 effrenis
2097 4331 2585 4443 precipitare
2614 4330 3048 4410 consuevit.
3082 4326 3305 4431 Quid
3334 4346 3626 4410 sonant
3648 4327 3861 4408 diffi-

1082 4500 1119 4539 «
1159 4464 1475 4565 dencie,
1546 4465 1704 4545 nisi
1771 4464 2205 4575 majestatis
2273 4485 2530 4547 vestre
2549 4530 2569 4565 ,
2632 4468 3094 4577 principum
3153 4485 3392 4579 atque
3457 4466 3857 4547 baronum

1080 4637 1119 4676 «
1162 4602 1503 4684 Francie
1535 4619 2087 4713 contemptum
2112 4604 2780 4711 ignominiosum?
2836 4604 3381 4714 Quapropter,
3407 4601 3600 4684 dum
3633 4603 3858 4695 adest

1080 4776 1118 4815 «
1153 4743 1540 4851 temporis
1574 4742 2181 4853 opportunitas,
2215 4743 2587 4826 victualia
2631 4763 2711 4824 et
2749 4745 3099 4852 legiones
3136 4742 3623 4837 sufficienter
3664 4770 3849 4851 sup·
