4666 6014
1052 598 1209 731 ms
1503 647 2188 745 cnaomcoaum
2238 643 2595 721 mou
2644 646 2931 721 sssxn
2979 646 3157 721 un.
3211 647 3406 722 vm.

1062 799 1437 903 militem,
1479 830 1580 883 ex
1623 803 1737 882 eis
1792 802 1933 914 qui
1986 825 2069 880 se
2116 800 2637 908 Despensiers
2695 799 3124 882 nominant
3174 799 3627 881 trahentem
3689 806 3857 883 ori-

1062 944 1331 1050 ginem
1350 1003 1370 1040 ,
1433 942 1603 1048 regi
1659 941 1995 1020 Francie
2052 933 2456 1019 miserunt
2471 967 2491 1037 ;
2545 966 2781 1050 quem
2835 935 3356 1048 postmodum
3400 940 3859 1022 interventu

1061 1077 1597 1191 quorumdam
1628 1078 2024 1160 nobilium
2052 1078 2359 1157 remisit
2390 1078 2476 1156 in
2506 1075 2880 1186 Angliam
2905 1076 3157 1157 libere
3187 1094 3266 1156 et
3297 1077 3470 1158 sine
3497 1076 3860 1190 redemp-

1062 1245 1314 1298 cione.

2000 1396 2674 1515 CAPITiJLUM
2744 1437 2910 1512 111.

1969 1674 2060 1732 De
2091 1672 2371 1732 cardinali
2404 1671 2479 1732 de
2510 1671 2933 1751 Lucemburgo.

1194 1903 1488 1982 Mensis
1527 1901 1735 2012 jullii
1783 1919 2068 2014 quarta
2120 1900 2285 2002 die,
2332 1902 2730 1988 Dominus
2780 1901 3060 1980 Petrus
3111 1898 3212 1979 de
3254 1899 3816 2010 Lucemburgo
3838 1965 3857 2000 ,

1067 2067 1373 2120 summe
1400 2040 1917 2149 ingenuitatis
1935 2038 2276 2147 juveniS,
2299 2057 2397 2120 ut
2421 2057 2614 2149 pote
2639 2039 2890 2120 frater
2919 2040 3221 2147 egregii
3261 2040 3576 2120 comitis
3603 2044 3859 2130 sancti

1069 2176 1292 2256 Pauli
1318 2176 1882 2285 Enguerranni
1903 2237 1923 2274 ,
1945 2177 2088 2287 qui
2112 2173 2439 2288 quidem
2463 2204 2722 2294 nuper
2746 2193 3116 2255 octavum
3141 2173 3537 2256 decimum
3559 2206 3861 2258 annum

1070 2341 1311 2425 agens
1374 2343 1420 2393 a
1473 2314 1688 2425 Papa
1734 2311 2182 2413 Clemente,
2239 2313 2412 2422 ejus
2459 2315 3058 2422 consanguineo
3077 2374 3096 2412 ‚
3140 2310 3242 2393 ad
3284 2311 3862 2395 cardinalatum

1070 2469 1522 2559 assumptus
1549 2450 1846 2551 fuerat,
1871 2450 2268 2532 mundum
2300 2448 2673 2531 deserens
2691 2512 2713 2549 ,
2766 2449 2870 2531 ad
2903 2448 3208 2532 celestis
3239 2468 3322 2530 et
3349 2451 3603 2532 eterni
3635 2453 3864 2564 regni

1070 2587 1342 2669 sedem
1359 2651 1379 2688 ,
1442 2564 1537 2669 ut
1582 2586 1964 2687 creditur,
2013 2587 2443 2671 translatus
2498 2605 2642 2667 est.
2700 2588 2878 2669 Hoc
2947 2587 3244 2697 probat
3298 2588 3866 2670 miraculorum

991 2767 995 2772 ·
1071 2726 1568 2839 frequencia,
1624 2717 1783 2837 que
1825 2753 1972 2834 per
2023 2753 2206 2806 eum
2243 2725 2516 2806 multis
2568 2726 2803 2807 annis
2856 2728 3255 2807 Dominus
3300 2743 3676 2836 operatus
3717 2743 3858 2808 est.

1071 2863 1281 2942 Nam
1306 2863 1602 2972 quibus
1637 2863 2092 2975 injunctum
2119 2881 2292 2946 erat
2318 2862 2454 2944 illa
2481 2864 2799 2974 scriptis
2831 2862 3219 2974 redigere,
3255 2891 3506 2957 oecos»,
3538 2862 3862 2945 claudos

1073 3018 1154 3080 et
1191 2996 1462 3081 aridos
1484 3062 1505 3100 ,
1558 2997 2180 3083 innumerabiles
2214 3031 2540 3115 quoque
2566 3004 2808 3083 variis
2843 3000 3436 3113 egritudinibus
3467 2999 3859 3101 detentoS,

1075 3136 1471 3218 refferunt
1522 3128 1650 3218 ad'
1687 3139 1858 3249 ejus
1914 3139 2366 3247 sepulcrum
2436 3140 2879 3239 accessisse,
2944 3159 3026 3220 et
3076 3159 3406 3250 peracto
3459 3138 3861 3221 novendio

1074 3275 1509 3357 incolumes
1538 3278 1968 3358 recessisse.
1995 3275 2501 3389 Breviloquio
2529 3306 2850 3389 quoque
2874 3295 3106 3357 utens
3125 3341 3147 3378 ,
3189 3281 3257 3358 is
3295 3280 3864 3387 preconiorum

1074 3413 1326 3493 titulis
1364 3416 1654 3494 merito
1695 3431 1816 3494 est
1852 3411 2376 3495 extollendus.
2429 3414 2635 3494 Nam
2671 3443 2839 3495 non
2868 3415 3126 3495 solum
3157 3415 3261 3496 ab
3294 3414 3588 3495 illicitis
3619 3417 3860 3496 moti-

1082 3550 1233 3631 bus
1261 3550 1609 3661 juvenile
1650 3569 1926 3660 pectus
1966 3551 2232 3637 nobili
2274 3552 2656 3661 repressit
2694 3552 3234 3653 continencia,
3276 3553 3566 3662 spretis
3606 3553 3885 3633 imbe·'

1083 3685 1280 3767 cillis
1339 3686 1629 3769 etatule
1651 3755 1656 3761 .
1682 3687 2177 3771 discursibus
2206 3749 2226 3788 ,
2282 3716 2560 3769 verum
2618 3706 2737 3788 et,
2801 3691 2869 3770 si
2926 3691 3106 3802 quis
3168 3689 3413 3799 digne
3463 3707 3865 3770 recenseat

1088 3844 1479 3937 quantum
1538 3827 1719 3938 pius
1737 3889 1756 3927 ,
1818 3843 2078 3908 castus
2143 3843 2225 3906 et
2288 3826 2645 3935 sobrius,
2701 3845 3186 3939 quantumve
3262 3829 3348 3907 in
3411 3825 3863 3908 elemosinis

1083 3962 1349 4071 largus
1388 3982 1468 4044 et
1508 3963 1846 4073 pervigil
1880 3965 1965 4044 in
1997 3962 2518 4047 oracionibus
2553 3962 2859 4047 devotis
2901 3967 3258 4047 extiterit
3278 4029 3296 4064 ,
3339 3964 3725 4078 quamdiu
3772 3967 3856 4044 in

1081 4097 1389 4181 mundo
1419 4102 1739 4202 mansit,
1772 4131 1954 4183 eum
1982 4104 2068 4182 in
2099 4102 2339 4183 terris
2367 4106 2724 4213 positum
2749 4123 2828 4186 et
2853 4106 3080 4216 quasi
3105 4105 3269 4215 jam
3293 4103 3603 4185 celestia
3632 4102 3863 4184 habi-

1081 4254 1384 4318 tantem
1415 4238 1977 4353 proculdubio
2008 4239 2425 4352 judicabit.
