4666 6014
1103 651 1248 721 ²102
1614 641 2304 719 CHRONIGORUM
2349 639 2711 715 KAROLI
2761 642 3049 717 SEXTI
3099 646 3277 721 ΠΒ.
3323 646 3424 720 Π.
3474 680 3482 687 ·

1225 796 1395 878 Sub
1419 794 1903 905 compendio
1936 808 2201 874 autem
2229 821 2329 874 ex
2357 794 2554 905 ipsis
2581 821 2835 902 pauca
2861 812 2945 874 et
2967 799 3526 877 communiora
3550 815 3917 907 tangens,

1098 938 1271 1047 ejus
1315 938 1629 1039 animus
1666 935 1753 1013 in
1786 931 2212 1013 libidinem
2250 933 2627 1044 princeps
2657 934 2683 976 ¹
2726 931 2920 1030 fuit,
2955 935 3319 1044 quamvis
3355 939 3917 1044 sexagenarius

1097 1068 1340 1173 esset3
1376 1073 1880 1183 honestaque
1925 1090 2197 1180 spreta
2241 1071 2618 1179 conjuge,
2653 1088 2734 1150 et
2762 1069 3371 1177 juvencularum
3399 1070 3663 1152 adhuc
3705 1074 3920 1183 puel-

1094 1212 1271 1291 lare-
1314 1210 1812 1320 signaculum
1880 1212 2285 1319 integrum
2341 1208 2873 1288 retinencium
2940 1225 3333 1318 exoptans
3398 1210 3916 1311 concubitus,

1090 1347 1581 1462 quandoque
1625 1348 2192 1456 sortilegarum
2242 1345 2542 1426 auxilio
2591 1344 2836 1426 fiebat
2864 1347 3157 1425 victrix
3187 1345 3473 1427 libido.
3520 1349 3915 1457 Injuriam

1090 1490 1381 1568 iterum
1406 1486 1684 1566 alienis
1715 1487 2068 1567 inferens
2092 1485 2632 1564 matrimoniis
2652 1546 2671 1581 ,
2702 1486 2769 1597 si
2798 1513 2997 1595 quas
3026 1482 3347 1566 audiret
3371 1503 3584 1566 caste
3616 1487 3913 1586 vivere,

1091 1622 1320 1714 adid
1356 1625 1610 1704 eciam
1662 1621 1901 1704 donis
1942 1622 2358 1731 satagebat
2397 1619 2755 1720 allicere;
2803 1639 2884 1700 et
2930 1619 3422 1733 quandoque
3463 1625 3640 1703 sinc
3675 1652 3921 1704 causa·

1092 1763 1424 1842 maritos
1453 1761 2028 1860 incarcerabat,
2061 1778 2152 1840 ut
2172 1760 2502 1841 interim
2532 1759 2861 1839 effrenis
2888 1759 3204 1839 luxurie
3227 1759 3583 1840 habenas
3608 1761 3917 1842 laxaret

1087 1901 1484 1980 licencius.
1532 1899 2005 2008 Suspectum
2047 1900 2297 1978 eciam
2327 1927 2412 1978 se
2444 1897 2717 1978 multis
2752 1895 3111 1977 reddidit
3144 1895 3246 1977 de
3277 1900 3705 1978 commisso
3733 1898 3911 1978 fur-

1088 2040 1252 2128 tivo
1310 2038 1749 2120 concubitu
1802 2065 1984 2117 cum
2036 2034 2508 2116 mulieribus
2558 2032 2829 2115 Judeis
2856 2096 2876 2133 ,
2935 2063 3118 2115 cum
3168 2034 3640 2115 familiarius
3686 2037 3905 2146 justo

1081 2180 1381 2257 secreta
1455 2175 1854 2286 colloquia
1915 2202 2096 2253 cum
2160 2170 2647 2286 quibusdam
2714 2152 3016 2281 pluries
3087 2170 3538 2270 habuisset3
3600 2174 3897 2284 quibus

1084 2315 1332 2394 eciam
1382 2312 1929 2423 repetentibus
1976 2310 2184 2391 filios
2241 2311 2693 2420 baptizatos
2722 2372 2740 2408 ,
2780 2327 2873 2389 ut
2912 2309 3278 2418 superius
3308 2311 3701 2419 scriptum
3739 2330 3896 2410 est,

1085 2449 1185 2532 de
1216 2451 1430 2531 facto
1466 2453 1817 2531 restituit
1845 2452 1970 2530 vir
2002 2448 2441 2529 inconsulti
2472 2449 2857 2558 pectoris,
2894 2448 3396 2526 occasionem
3434 2448 3780 2556 prebens
3810 2467 3903 2529 ut

1083 2590 1187 2669 ab
1221 2589 1414 2699 ipsis
1452 2585 1761 2685 Judeis,
1798 2585 2271 2667 adversariis
2312 2584 2700 2665 Crucifixi
2719 2646 2739 2683 ,
2788 2585 3408 2666 sacratissimum
3438 2586 3900 2694 prophana-

1086 2744 1306 2806 retur
1346 2726 1769 2835 baptisma.

1192 2889 1690 2969 Eucharistie
1746 2890 1998 2967 eciam
2045 2887 2521 2966 sacramenti
2568 2886 3005 2996 injuriosus
3059 2902 3568 2996 contemptor
3612 2891 3893 2968 existe-

1081 3029 1258 3126 bat;
1293 3026 1511 3108 unde
1545 3025 1860 3107 cuidam
1897 3027 2202 3124 clienti,
2236 3024 2433 3106 dum
2458 3042 2828 3138 quereret
2860 3053 3004 3103 cur
3032 3026 3275 3104 cicius
3306 3054 3476 3105 non
3499 3029 3894 3135 paruisset

1080 3184 1449 3246 evocatus
1473 3227 1492 3264 ,
1555 3166 1712 3275 ipsi
1777 3193 2099 3277 quoque
2172 3160 2697 3273 respondenti
2765 3159 2988 3273 quod
3055 3159 3494 3242 devocione
3562 3147 3890 3243 videndi

1077 3331 1370 3412 corpus
1404 3301 1705 3382 Christi
1755 3304 1968 3381 inter
2016 3329 2297 3382 manus
2351 3297 2824 3395 sacerdotiS,
2864 3298 3168 3410 pluries
3212 3298 3471 3379 fertur
3524 3298 3819 3382 dixisse
3865 3332 3882 3379 ε

1081 3474 1119 3512 ι(
1153 3440 1227 3519 N
1233 3469 1391 3520 unc
1430 3436 1742 3519 videbis
1772 3440 1840 3518 si
1880 3440 2095 3518 Deus
2125 3456 2311 3518 mus
2341 3455 2660 3517 tantum
2696 3438 3000 3545 poterit
3030 3454 3109 3516 te
3136 3437 3412 3546 juvare
3431 3499 3450 3534 ,
3491 3456 3889 3549 quantum

1081 3612 1118 3650 <c
1153 3595 1440 3687 potero
1487 3604 1801 3655 nocere.
1840 3609 1877 3649 ³>
1933 3576 2037 3654 Et
2086 3576 2235 3655 hec
2280 3574 2595 3672 dicem,
2654 3576 2740 3654 in
2779 3577 3242 3656 teterrimos
3293 3603 3647 3656 carceres
3700 3605 3883 3658 eum

1076 3715 1368 3825 projici
1418 3715 1764 3824 jusserat
1814 3730 1896 3792 et
1946 3714 2335 3824 torqueri.
2385 3713 2794 3822 Episcopo
2841 3712 3094 3791 eciam
3123 3714 3749 3806 ‚Constanciensi
3794 3717 3882 3796 in

1077 3853 1383 3963 capicio
1418 3851 1740 3931 ecclesie
1773 3851 1988 3930 beati
2037 3852 2409 3960 Dyonisii
2440 3850 2760 3930 missam
2793 3850 3281 3950 celebrante,
3317 3880 3496 3930 cum
3530 3850 3636 3929 ad
3676 3850 3881 3930 leva-

1077 3992 1385 4070 cionem
1446 3990 1812 4099 corporis
1875 3988 2178 4070 Christi
2241 3991 2624 4085 venisset,
2690 4006 2771 4068 et
2827 3986 3089 4068 eidem
3152 3989 3564 4096 preposito
3623 3988 3880 4067 circu-

1075 4128 1298 4208 eunti
1362 4128 1757 4237 capicium
1812 4157 1858 4207 a
1912 4124 2266 4240 quodam
2338 4128 2715 4237 religioso
2757 4124 3066 4206 dictum
3112 4142 3316 4205 esset
3366 4111 3458 4204 ut
3507 4122 3883 4206 adoraret

1075 4262 1272 4343 illud
1294 4327 1312 4363 ,
1357 4294 1538 4344 cum
1573 4265 2032 4376 juramento
2075 4268 2411 4346 asseruit
2460 4296 2632 4347 non
2673 4263 2996 4345 credere
3042 4265 3130 4341 in
3171 4265 3428 4342 Deum
3480 4260 3677 4342 dicti
3718 4265 3881 4373 epi-

1072 4404 1331 4511 scopi,
1375 4432 1692 4484 causam
1722 4401 2028 4483 addens
2062 4406 2252 4516 quia
2288 4407 2375 4484 in
2409 4406 2620 4514 regis
2655 4402 2874 4485 curia
2906 4400 3399 4480 morabatur.

1174 4540 1833 4651 Solempnitatem
1856 4541 2308 4623 Paschalem
2328 4542 2600 4622 multis
2626 4541 2861 4619 annis
2879 4555 3247 4647 exegerat
3261 4533 3564 4649 absque
3578 4535 3876 4616 salubri

1070 4679 1570 4760 confessione
1632 4696 1713 4758 et
1749 4680 2041 4758 viatico
2094 4679 2467 4778 salutari,
2522 4678 3079 4759 observancias
3132 4675 3550 4784 religionis
3599 4675 3876 4754 catho-

1151 4872 1164 4893 ¹
1212 4860 1353 4913 Var.
1380 4883 1393 4910 .-
1426 4873 1489 4912 n‘·
1510 4856 1672 4932 5960,
1698 4857 1795 4913 fol.
1823 4855 1892 4914 58
1920 4877 1991 4926 r.‚
2019 4876 2274 4931 preceps,
