4666 6014
1067 656 1210 728 378
1540 650 2225 726 CHRONICORUM
2273 649 2631 724 KAROLI
2681 650 2966 724 SEXTI
3014 651 3194 739 Lm.
3252 650 3409 754 Vl.-

1072 801 1369 882 darunt
1398 829 1670 909 opere,
1708 820 1790 883 et
1821 831 2006 882 cum
2041 802 2385 883 ruebant
2424 802 2852 910 precipites
2872 863 2892 899 ,
2927 829 3093 881 non
3124 798 3235 881 ad·
3262 828 3676 911 pavorem,
3718 801 3856 881 sed

942 1031 952 1042 ἱ
1072 938 1483 1019 audaciam
1523 939 1862 1020 similem
1904 958 2208 1021 ceteros
2269 939 2745 1020 incitabant.
2809 938 3016 1018 Cum
3065 940 3407 1019 arcubus
3460 941 3715 1022 eciam
3776 955 3861 1017 et

1072 1075 1503 1156 balistiset
1557 1077 1922 1189 quolibet
1968 1077 2389 1158 missilium
2442 1107 2770 1187 genere,
2821 1075 2923 1158 ad
2983 1077 3140 1157 hoc
3181 1074 3541 1184 deputati
3589 1078 3863 1157 hostes

1073 1230 1304 1292 tanto
1355 1211 1626 1298 studio
1682 1232 2062 1327 tantaque
2113 1216 2508 1295 instancia
2575 1213 3063 1294 lacessebant
3083 1276 3103 1311 ,
3171 1230 3261 1292 ut
3326 1240 3472 1291 nec
3532 1239 3860 1293 manum

1073 1347 1459 1429 auderent
1512 1369 1737 1430 extra
1790 1352 2391 1461 propugnacula
2447 1379 2792 1459 ponere3
2869 1352 3143 1462 sicque
3206 1347 3531 1428 tandem
3590 1352 3863 1429 animo

1076 1489 1562 1566 consternati
1604 1487 1989 1570 deficiunt
2031 1508 2111 1570 et
2148 1491 2605 1569 vincuntur.
2650 1489 2781 1568 Sic
2823 1517 3096 1569 muros
3138 1488 3677 1568 transilientes
3718 1517 3859 1568 au·-

1077 1624 1287 1728 gusti
1328 1639 1604 1703 octava
1638 1643 1718 1704 et
1756 1627 2126 1705 vicesima
2180 1623 2338 1724 die,
2368 1628 2710 1706 victores
2729 1687 2749 1724 ,
2798 1627 3000 1706 sicut
3043 1624 3317 1704 leones
3358 1626 3443 1703 in
3487 1622 3821 1734 predam
3841 1687 3863 1722 ,

1074 1759 1187 1836 sic
1230 1759 1316 1838 in
1344 1787 1481 1839 eos
1512 1762 2032 1842 invehuntur.
2058 1761 2293 1842 Tunc
2319 1762 2623 1874 ubique
2652 1761 2952 1841 clamor
2990 1762 3262 1840 omnia
3289 1760 3530 1842 variis
3558 1777 3865 1840 terreu-

1072 1896 1281 1974 cium
1360 1926 1450 1976 ac
1509 1901 1981 2007 pavencium
2043 1900 2401 1994 vocibus,
2460 1898 2714 1977 mixto
2779 1898 3206 1977 mulierum
3265 1925 3357 1976 ac
3428 1921 3863 2005 puerorum

1075 2032 1418 2139 ploratu,
1443 2034 1821 2143 complet3
1847 2036 2151 2147 ubique
2185 2034 2278 2113 fit
2318 2035 2833 2113 concursacio
2879 2035 3181 2114 incerta
3212 2062 3429 2113 nunc
3464 2033 3612 2113 hos
3645 2035 3862 2113 nunc

1077 2168 1252 2249 illos
1293 2174 1807 2282 sequencium
1828 2234 1846 2270 ,
1897 2172 2367 2280 rogancium
2418 2170 2635 2249 viros
2678 2187 3070 2281 natosque
3118 2171 3247 2249 cui
3292 2197 3375 2248 se
3420 2169 3590 2249 fato
3644 2198 3862 2249 com-

1078 2308 1476 2387 miterent.

1188 2445 1383 2544 Rex,
1433 2445 1615 2526 villa
1669 2464 1937 2555 capta,
1972 2475 2362 2554 precones
2397 2444 2705 2527 edicere
2741 2446 2977 2554 jussit
3007 2462 3098 2525 ut
3146 2444 3251 2523 ab
3296 2445 3583 2524 inermi
3623 2444 3866 2551 vulgu
3978 2453 3983 2462 ’

1076 2582 1637 2682 abstineretur,
1680 2612 1825 2663 nec
1853 2601 2121 2692 preter
2152 2601 2501 2664 armatos
2533 2573 3016 2695 quemquam
3048 2580 3353 2662 violari.
3378 2580 3528 2661 Cui
3562 2581 3867 2661 obtem·

1079 2729 1450 2827 perantes
1497 2723 1587 2800 in
1640 2740 1902 2830 parte,
1960 2720 2062 2801 ad
2124 2751 2379 2803 unum
2427 2722 2805 2802 omnihus
2845 2721 3043 2800 cesis
3095 2722 3421 2800 armatis
3444 2782 3462 2817 ,
3518 2748 3866 2834 quorum

1082 2858 1706 2967 quingentorum
1737 2875 1822 2938 et
1857 2887 1956 2938 eo
1997 2860 2336 2968 amplius
2365 2859 2883 2940 estimabatur
2915 2885 3329 2955 numerus',
3367 2858 3549 2936 villa
3578 2857 3866 2967 preda-

1079 2994 1175 3073 lis
1245 2994 1558 3091 effecta,
1624 3013 1703 3073 et
1759 2995 2059 3108 ubique
2118 2996 2473 3077 effractis
2520 2995 3066 3105 penicioribus
3120 2995 3316 3075 locis
3336 3057 3355 3094 ,
3415 2995 3622 3076 facta
3678 3015 3868 3081 sunt

1076 3128 1637 3210 desiderabilia
1680 3132 2180 3212 urbanorum
2212 3134 2712 3213 Francorum
2740 3129 3019 3241 preda,
3058 3151 3138 3212 et
3164 3160 3482 3244 queque
3516 3134 3870 3240 speciosa

1083 3271 1168 3347 in
1198 3287 1492 3348 sortem
1524 3269 1680 3349 sibi
1713 3271 1968 3378 spolia
2000 3268 2471 3352 diviserunt.
2503 3271 2826 3371 Quibus
2849 3299 3100 3382 usque
3130 3268 3232 3349 ad
3268 3297 3640 3349 nauseam
3675 3274 3872 3350 inte-

1078 3407 1229 3483 rim
1273 3410 1583 3506 onusti,
1631 3406 1828 3488 dum
1853 3437 2132 3487 muros
2163 3410 2247 3487 in
2281 3407 2551 3487 multis
2584 3406 2782 3488 locis
2819 3408 2990 3488 solo
3029 3436 3323 3519 equare
3360 3426 3868 3507 conarentur,

1071 3546 1750 3627 conestabularius
1825 3576 1993 3627 non
2049 3547 2447 3644 substitit;
2504 3544 2641 3627 sed
2694 3546 3112 3626 confestim
3178 3543 3459 3626 eodem
3510 3563 3875 3626 torrente

1080 3683 1406 3763 fortune
1432 3684 1777 3797 reliquas
1828 3684 2184 3764 hostium
2225 3687 2501 3795 copias
2541 3713 3101 3794 oppressuruS,
3147 3683 3540 3793 fugientes
3589 3713 3869 3791 aggre-

1080 3818 1324 3920 ditur,
1370 3841 1450 3921 et
1475 3852 1727 3934 usque
1760 3821 1861 3903 ad
1892 3852 2262 3904 occasum
2288 3824 2481 3904 solis
2514 3822 2936 3905 incendere
2966 3842 3107 3904 aut
3135 3822 3376 3905 ferire
3419 3850 3868 3930 nunquam,

1081 3958 1200 4068 vel
1237 3977 1650 4039 momento
1684 3962 2068 4069 temporis
2087 4023 2106 4056 ,
2154 3961 2442 4041 Gallici
2481 3958 2988 4040 destiterunt.
3025 3955 3225 4038 Inde
3255 3958 3356 4039 ad
3396 3987 3873 4072 persequen—

1084 4090 1275 4172 dum
1310 4094 1877 4211 Francionem,
1922 4098 2179 4177 tocius
2215 4095 2717 4206 prodicionis
2757 4100 3287 4194 incentorem,
3320 4097 3473 4175 iter
3504 4094 3826 4176 flectens
3852 4100 3877 4193 ,‘

1003 4332 1013 4339 ι
1083 4228 1416 4310 domum
1454 4228 1751 4313 fortem
1808 4262 1850 4311 a
1895 4233 2283 4337 Gandavo
2331 4260 2465 4315 sex
2512 4233 2958 4313 miliaribus
2999 4231 3462 4330 distantem,
3513 4232 3656 4312 ubi
3705 4234 3871 4340 ipse

1078 4368 1520 4478 aufugerat,
1554 4367 1970 4477 adgressus
1999 4344 2152 4469 est3
2187 4401 2366 4453 sero
2392 4391 2700 4453 tamen:
2729 4400 2916 4450 nam
2945 4371 3122 4451 loco
3156 4368 3443 4483 cedens
3467 4371 3634 4480 jam
3657 4370 3874 4449 Gan-

1081 4504 1374 4586 davum
1423 4508 1794 4614 pecierat.
1845 4509 2393 4620 Quapropter,
2440 4510 2719 4590 occisis
2780 4511 2918 4619 qui
2976 4525 3552 4603 remanserant,
3608 4506 3874 4621 locum

1077 4640 1440 4723 funditus
1481 4646 1722 4725 everti
1770 4642 1991 4743 fecit,
2043 4676 2144 4726 ne
2191 4647 2688 4756 receptaculo
2718 4646 3074 4756 amplius
3121 4643 3592 4733 adversariis
3641 4661 3873 4724 esset„

1203 4804 1380 4884 Hiis
1404 4806 1516 4884 sic
1542 4805 1873 4886 feliciter
1907 4809 2145 4914 gestis
2166 4871 2185 4907 ,
2223 4838 2365 4891 rex
2394 4827 2720 4918 portum
2744 4809 3093 4917 Esoluse,
3129 4809 3269 4921 qui
3303 4804 3630 4920 quidem
3662 4805 3875 4884 inter
