4666 6014
1069 694 1248 772 180·
1562 687 2244 764 CHRUNICORUM
2293 683 2650 808 KARoLl
2700 689 2983 794 8153le
3034 690 3209 764 ΠΒ.
3258 691 3390 776 111.
3446 713 3459 730 ··

1092 841 1307 918 cioni
1340 854 1530 946 apto
1569 834 1668 915 de
1700 856 1938 944 portu
1982 839 2390 921 Auriflarii
2415 846 2441 887 ¹
2487 858 2903 936 exeuntes,
2953 868 3135 920 cum
3174 859 3414 921 vento
3462 842 3630 921 vela
3663 872 3878 924 com-

1090 977 1523 1070 misissent,
1591 1002 1688 1052 ex
1748 975 2157 1082 insperato
2214 977 2512 1058 eisdem
2559 977 3030 1074 obviarunt,
3086 981 3567 1089 peractoque
3616 981 3875 1060 navali

1089 1109 1337 1207 hello,
1380 1138 1477 1189 ex
1531 1109 1643 1188 eis
1690 1107 2052 1189 ducentis
2107 1113 2548 1194 interfectis
2594 1134 2673 1194 et
2716 1132 2953 1223 capto
3004 1116 3421 1223 capitaneo
3468 1120 3877 1224 cognomi-

1092 1264 1283 1325 nato
1348 1248 1851 1356 Despensier,
1917 1249 2419 1358 triumphum
2476 1249 3026 1329 obtinuerunt.
3084 1251 3178 1328 In
3235 1251 3569 1331 navibus
3629 1253 3875 1331 nichil

1089 1411 1419 1491 prorsus
1443 1383 2002 1464 alimentorum
2033 1404 2442 1495 repertum
2471 1404 2622 1485 est3
2654 1383 2790 1464 sed
2819 1403 3087 1464 tamen
3124 1387 3205 1463 in
3240 1414 3471 1485 aur0,
3507 1406 3873 1494 argento,

1090 1520 1488 1629 tapetibus
1531 1538 1611 1599 et
1655 1521 2058 1602 olosericis
2088 1540 2326 1632 tot'et
2359 1540 2579 1602 tante
2617 1539 2928 1629 reperte
2959 1538 3147 1601 sunt
3177 1524 3438 1631 copie,
3485 1539 3576 1601 ut
3601 1550 3877 1603 omnes

1090 1649 1281 1735 facti
1343 1659 1506 1735 sint
1568 1655 2021 1767 locupletes.
2059 1658 2294 1739 Unde
2360 1677 2438 1740 et
2495 1658 2715 1772 quod
2779 1655 3088 1764 diviciis
3145 1657 3564 1738 affluenter
3627 1661 3876 1739 eciam

1092 1820 1340 1903 usque
1388 1790 1489 1871 ad
1531 1821 1899 1872 nauseam
1944 1794 2545 1894 habundarent,
2589 1794 2731 1875 diu
2777 1796 2861 1906 in
2901 1794 3162 1874 leticia
3189 1812 3590 1894 vacantes,
3624 1797 3711 1876 in
3750 1824 3876 1875 or-

1093 1945 1286 2008 natu
1332 1946 1411 2035 et
1461 1927 1851 2039 apparatu
1888 1934 2336 2043 pomposis,
2390 1935 2474 2012 in
2519 1933 2813 2045 quibus
2856 1959 3131 2012 omnes
3182 1931 3618 2039 regnicolas
3657 1960 3877 2012 exce-

1091 2063 1408 2164 derent,
1453 2066 2005 2148 ostenderunt.

1204 2203 1471 2282 Estate
1514 2206 1764 2283 eciam
1815 2204 2301 2315 perdurante
2323 2270 2343 2306 ,
2393 2209 2662 2316 fulgor
2712 2209 3351 2316 inextinguibilis
3403 2208 3828 2319 probitatis
3850 2272 3868 2307 ,

1098 2337 1477 2418 dominus
1513 2337 1968 2422 Ludovicus
2010 2343 2228 2422 Sacri
2266 2343 2575 2423 Cesaris
2595 2406 2614 2441 ,
2653 2344 3150 2424 marescallus
3186 2346 3250 2423 F
3250 2347 3520 2424 rancie
3542 2406 3562 2444 ,
3602 2345 3866 2448 hostes

1092 2476 1228 2584 qui
1306 2474 1462 2554 sub
1512 2477 1799 2556 vexillo
1859 2479 2385 2585 Anglicorum
2442 2482 2527 2559 in
2593 2482 3023 2591 Aquitania
3084 2479 3539 2560 militabant
3580 2481 3870 2560 .multis

1088 2612 1353 2718 parvis
1393 2611 1665 2718 preliis
1714 2612 2135 2714 lacessivit,
2185 2632 2265 2692 et
2300 2616 2561 2694 victor
2598 2644 2906 2724 semper
2945 2618 3287 2695 existens
3313 2678 3331 2713 ,
3371 2619 3455 2694 in
3491 2619 3870 2696 comitatu

1088 2747 1439 2825 Pictavio
1491 2744 1759 2826 decem
1813 2766 2064 2827 castra
2107 2747 2207 2828 ad
2251 2749 2754 2830 dedicionem
2796 2755 3055 2860 coegit
3083 2756 3162 2831 vi
3205 2782 3633 2842 armorum.
3668 2754 3869 2832 Cum

1090 2881 1467 2990 Anglicos
1495 2885 1744 2962 eciam
1771 2912 2026 2994 prope
2048 2885 2462 2994 Rupellam
2492 2889 2577 2967 in
2606 2887 2953 2999 quadam
2974 2917 3222 2998 parva
3247 2889 3496 2968 insula
3527 2889 3868 2968 inclusos

1088 3019 1492 3100 Johannes
1534 3049 1674 3099 rex
1716 3022 2122 3129 Hyspanie
2160 3024 2415 3104 multo
2456 3042 2816 3133 tempore
2864 3024 3337 3125 obsedisset,
3360 3044 3598 3135 ¹tanta
3639 3026 3869 3107 famis

1089 3152 1355 3233 inedia
1389 3173 1576 3234 sunt
1619 3161 2023 3265 oppressi,
2066 3158 2286 3269 quod
2321 3159 2427 3240 ad
2475 3159 3451 3260 dedicionemvenerunt3
3497 3160 3634 3242 sed
3684 3161 3870 3241 inde

1091 3320 1231 3370 rex
1298 3320 1467 3371 non
1523 3293 1860 3372 multum
1926 3293 2181 3374 laudis
2237 3297 2357 3375 vel
2418 3295 2816 3375 commodi
2886 3299 3329 3407 acquisivit.
3389 3299 3592 3377 Nam
3643 3301 3869 3376 victis

1088 3455 1421 3537 parcens
1466 3432 1748 3509 micius
1795 3459 2036 3541 quam
2074 3431 2424 3531 deceret,
2468 3464 2644 3512 cum
2683 3434 3084 3544 jurassent
3123 3463 3206 3513 se
3244 3462 3393 3543 per
3430 3436 3869 3512 triennium

1088 3593 1306 3644 arma
1352 3584 1712 3646 moturos
1754 3557 2083 3648 minime
2123 3587 2404 3649 contra
2444 3599 2818 3679 regnum,
2869 3570 3043 3650 illos
3090 3567 3311 3649 abire
3342 3569 3741 3677 permisit3
3793 3586 3872 3646 et

1089 3728 1370 3781 eorum
1414 3700 1882 3783 detencione
1920 3703 2427 3806 credebatur,
2462 3735 2645 3787 cum
2679 3708 2907 3814 regni
2954 3704 3390 3784 nobiliores
3424 3703 3539 3782 ibi
3571 3723 3866 3802 essent,

1090 3866 1368 3943 pacem
1398 3858 1864 3947 perpetuam
1898 3844 2252 3950 potuisse
2284 3872 2463 3923 cum
2497 3842 2851 3951 Anglicis
2881 3842 3419 3922 confirmasse,

2011 4106 2680 4190 CAPITULUM
2742 4111 2940 4188 XII.

1538 4338 1749 4401 Contra
1777 4362 1973 4424 regem
2001 4364 2261 4426 pugnare
2289 4347 2675 4407 Flandrenses
2708 4356 2913 4405 mutuo
2938 4342 3419 4404 deliberaverunt.

1085 4499 1114 4565 ’τ’
1203 4541 1331 4622 Ab
1364 4542 1702 4631 obsessis
1744 4542 1958 4655 apud
1990 4544 2472 4629 Audenarde
2504 4549 2826 4630 Gallicis
2869 4567 2947 4630 et
2984 4550 3149 4658 jam
3198 4547 3631 4627 assultuum
3672 4574 3865 4624 con-

988 4671 1012 4751 ]
1087 4679 1542 4760 tinuacione
1567 4680 1971 4787 fatigatiS,
2018 4680 2186 4762 dux
2224 4683 3040 4796 Burgundienunciis
3081 4703 3162 4767 et
3205 4683 3871 4793 apicibus-pulsa-

1115 4838 1116 4843 *
1161 4866 1172 4886 ¹
1221 4860 1362 4916 Var.
1392 4887 1406 4912 .-
1446 4872 1508 4914 n⁰
1534 4858 1703 4934 5960,
1730 4860 1826 4917 fol.
1861 4859 1929 4929 45
1956 4881 2030 4933 v.,
2059 4862 2342 4940 Harffloti.
