4666 6014
1105 637 1248 710 552
1561 623 2240 704 GHRoNlcORUM
2290 621 2646 699 KAROLI
2695 623 2980 699 sEx'rl
3030 622 3203 699 ΠΒ.
3259 617 3395 700 lx.
3481 607 3490 611 ’

1221 782 1545 861 Monitis
1576 781 1817 888 igitur
1844 778 2345 887 acquiescens
2366 838 2386 875 ,
2428 804 2610 879 cum
2650 774 2968 873 tardior
2998 804 3082 857 se
3103 775 3293 870 ⁴dies
3334 770 3838 885 protraheret
3861 837 3882 878 ,

1103 936 1182 999 et
1228 916 1459 998 vellet
1485 945 1876 998 recessum
1921 913 2141 995 ducis
2185 912 2519 994 reddere
2555 909 2999 1025 graciosum
3021 975 3039 1010 ,
3081 915 3496 1028 ipsumque
3535 912 3882 996 breviter

1101 1057 1535 1148 monuisset
1566 1052 1664 1133 de
1688 1052 2073 1134 'fidelitate
2096 1050 2480 1133 servanda
2501 1114 2521 1151 ,
2548 1051 2886 1162 sumptis
2912 1031 3099 1131 inde
3124 1068 3398 1130 mutuo
3432 1052 3840 1162 speciebus
3858 1115 3877 1150 ,

1101 1192 1255 1273 sibi
1294 1210 1377 1272 et
1424 1220 1726 1274 summe
1779 1191 2269 1271 auctoritatis
2314 1190 2643 1298 triginta
2684 1191 2843 1270 suis
2885 1188 3563 1274 commilitonibus
3611 1191 3882 1269 vinum

1100 1319 1522 1440 propinari
1547 1330 1738 1409 fecit
1766 1329 1851 1406 in
1884 1329 2091 1407 vasis
2122 1328 2380 1407 aureis
2403 1343 2485 1405 et
2521 1327 2979 1435 gemmatis3
3014 1354 3167 1434 que
3201 1341 3391 1436 post
3414 1325 3699 1433 pocula
3742 1301 3885 1405 eis-

1099 1465 1286 1547 dem
1323 1461 1798 1564 valedicenS,
1843 1492 2016 1544 non
2058 1465 2228 1543 sine
2277 1465 2627 1543 immissa
2675 1490 3097 1543 aureorum
3136 1462 3362 1568 copia
3386 1522 3407 1561 ,
3453 1460 3883 1541 liberaliter

1099 1603 1455 1686 donavit.
1516 1603 1647 1684 Sic
1697 1601 1985 1711 adepta
2030 1600 2132 1684 de
2176 1602 2549 1682 hostibus
2599 1603 3016 1680 incruenta
3070 1600 3439 1697 victoria,
3501 1587 3645 1679 rex
3697 1628 3880 1680 cum

1072 1739 1406 1849 'patruis
1454 1740 1737 1821 letatus
1806 1756 1948 1818 est.
2016 1739 2179 1839 Qui
2241 1755 2506 1817 autem
2539 1737 2964 1816 -humiliati
3008 1736 3326 1814 fuerant
3368 1796 3388 1833 ,
3429 1713 3878 1816 'redeuntes

1098 1849 1416 1958 virtutis
1453 1875 2033 1973 munificencie,
2086 1902 2324 1986 quam
2381 1851 2467 1952 in
2520 1901 2702 1981 rege
2755 1869 3153 1969 viderant,
3207 1898 3589 1978 precones
3647 1871 3836 1952 facti
3862 1935 3881 1970 ,

1101 2014 1337 2122 longe
1374 2005 1685 2125 lateque
1735 2039 1878 2121 per
1930 2011 2425 2090 Alemaniam
2463 2009 2758 2088 samam
2817 2008 2985 2116 ejus
3039 2004 3572 2087 collaudantes
3597 2068 3618 2106 ,
3677 2007 3883 2085 mul-

1103 2169 1227 2231 tos
1268 2178 1364 2230 ex
1404 2151 1804 2260 generosis
1843 2149 2157 2257 proavis
2198 2146 2575 2227 ducentes
2623 2145 3031 2253 sanguinis
3079 2142 3550 2253 dignitatem
3600 2143 3876 2223 allexe-

1098 2306 1319 2386 runt,
1345 2304 1438 2367 ut
1458 2286 1834 2395 deinceps
1863 2284 1975 2366 ad‘
1990 2287 2288 2394 regiam
2313 2285 2578 2392 sepius
2600 2261 3147 2380 convolarent,
3171 2297 3250 2392 et
3276 2278 3612 2389 prodiga
3648 2309 3889 2368 manu

1098 2426 1317 2534 regia
1354 2422 1830 2526 ditarentur.
2541 2528 2545 2532 ἢ

1185 2600 1188 2603 ’
2048 2639 2724 2724 CAPITULUM
2789 2641 2939 2718 1x.

1902 2875 1993 2934 De
2021 2827 2510 2957 Francigenarum
2547 2867 2867 2955 dampnoso
2888 2872 3101 2937 reditu.

1225 3110 1412 3188 Post
1474 3105 1833 3216 predicta
1854 3167 1873 3203 ,
1920 3105 2227 3184 cunctis
2278 3104 2485 3183 circa
2551 3102 2793 3182 finem
2850 3090 3202 3180 octobris
3258 3128 3448 3182 voce
3508 3104 3889 3210 preconia

1102 3244 1208 3325 ad
1241 3270 1686 3353 regressum
1716 3240 1931 3321 dicta
1969 3238 2135 3339 die,
2172 3257 2266 3319 ut
2303 3241 2482 3349 quis
2512 3267 2556 3317 a
2590 3236 2901 3317 tedioso
2932 3236 3205 3317 labore
3237 3237 3339 3317 ad
3377 3246 3723 3348 quietem
3757 3268 3892 3319 ac·-

1100 3370 1440 3464 celerare
1477 3379 1890 3460 consuevit
1914 3439 1934 3476 ,
1984 3378 2097 3456 sic
2136 3370 2410 3455 omnes
2452 3376 2538 3452 in
2586 3354 3082 3489 deponendis
3119 3376 3519 3473 tentoriiS,
3541 3360 3888 3455 ⁷sarcinis

1106 3515 1628 3630 preparandis
1657 3576 1678 3615 ,
1750 3532 1830 3595 et
1895 3539 2204 3622 queque
2266 3509 2594 3595 defferri
2646 3502 3023 3619 poterant
3089 3509 3463 3592 vehiculis
3526 3529 3609 3590 et
3663 3488 3889 3620 equis*

1105 3655 1556 3754 oneriferiS,
1576 3651 1971 3736 dederunt
1998 3678 2323 3759 operam
2341 3647 2791 3757 diligenter.
2831 3651 3200 3729 Attamen
3225 3646 3325 3728 ad
3352 3649 3501 3728 iter
3521 3649 3886 3747 accincti,

1102 3791 1470 3872 nundum
1500 3788 1729 3870 bidui
1759 3807 2036 3869 exacto
2062 3787 2337 3897 spacio
2357 3848 2377 3885 ,
2417 3785 2675 3896 patrie
2702 3783 3236 3864 difficiliorem
3263 3786 3564 3864 exitum
3582 3844 3604 3882 ,
3645 3812 3886 3894 quam

1104 3932 1547 4037 ingressum
1603 3927 1996 4024 fecerant,
2052 3941 2560 4033 repererunt.
2620 3923 2820 4001 Nam
2879 3950 3061 4000 cum
3107 3919 3211 4000 ad
3258 3918 3684 4032 quemdam
3731 3920 3892 4001 flu-

1103 4066 1323 4145 vium
1361 4064 1570 4144 inter
1608 4064 2062 4173 interJ'ectas
2100 4057 2427 4170 paludes
2468 4057 2979 4139 deffluentem
3002 4119 3022 4156 ,
3058 4059 3197 4166 qui
3234 4075 3479 4137 estate
3530 4055 3886 4138 modicus

1107 4198 1245 4281 sed
1282 4202 1507 4309 aquis
1558 4198 2033 4309 pluvialibus
2074 4197 2488 4305 inopinate
2523 4195 2787 4275 factus
2809 4193 3593 4292 fuerat.torrencior,
3642 4221 3894 4274 acces-

1108 4338 1423 4437 sissent,
1459 4338 1718 4447 ipsum
1769 4333 2297 4416 invadabilem
2355 4334 2527 4414 sine
2571 4331 2907 4412 navibus
2945 4333 3449 4411 invenerunt.
3492 4322 3673 4432 Que
3713 4359 3893 4410 cum

1104 4491 1299 4553 tunc
1338 4472 1737 4571 deessent,
1784 4490 1864 4551 et
1909 4473 2281 4552 timerent
2347 4497 2446 4551 ne
2497 4469 2924 4550 alemanica
2986 4470 3375 4577 rapacitas
3435 4466 3731 4546 incolas
3790 4464 3890 4546 ad

1028 4722 1045 4729 Χ
1102 4608 1736 4723 persequendum
1788 4639 1835 4690 a
1871 4626 2117 4720 tergo
2174 4611 2619 4693 stimularet
2652 4671 2672 4711 ,
2732 4609 2881 4690 hac
2953 4610 3411 4690 necessitate
3467 4607 3887 4716 compulsi,

1101 4749 1326 4829 illum
1379 4745 1732 4829 natando
1793 4749 2133 4831 transire
2195 4745 2460 4831 adorti
2527 4724 2738 4827 sunt.
2795 4746 2981 4829 Non
3028 4747 3205 4828 sine
3254 4762 3518 4827 tamen
3583 4743 3889 4852 ingenti
