4666 6014
1092 614 1234 748 260
1571 668 2260 745 CHRONIGORUM
2306 669 2665 744 KAROLI
2715 668 2997 744 sssx‘rl
3049 669 3227 744 Lm.
3283 666 3411 747 1v.

1097 840 1381 935 quarta
1430 822 1825 902 Calesium
1878 822 2347 930 attigerunt.
2395 822 2521 902 Ibi
2552 819 2873 902 modica
2898 822 3107 903 facta
3134 852 3396 922 mora,
3430 825 3493 902 F
3498 823 3897 907 landriam

1096 962 1554 1069 pecierunt3
1604 937 1747 1038 ubi
1792 959 2141 1068 benigne
2186 957 2555 1059 admissi,
2584 978 2680 1040 ut
2705 961 2937 1040 amici
2970 979 3050 1042 et
3091 939 3557 1042 consodales
3585 963 3850 1044 intimi
3878 1027 3898 1061 ,

1098 1073 1178 1177 et
1253 1124 1622 1176 concessa
1690 1097 2205 1207 publicorum
2256 1100 2917 1179 commerciorum
2979 1101 3277 1209 gracia,
3342 1129 3524 1180 cum
3573 1102 3691 1183 ibi
3753 1102 3898 1182 ali-

1099 1231 1462 1347 quandiu
1501 1263 1846 1344 corpora
1882 1255 2371 1317 recreassent
2393 1300 2411 1337 ,
2445 1265 2695 1349 equos
2733 1266 3056 1351 quoque
3087 1256 3170 1318 et
3200 1238 3433 1321 bellis
3459 1243 3901 1320 necessaria

1098 1390 1614 1454 renovassent
1636 1435 1654 1470 ,
1700 1370 1894 1451 inde
1918 1371 2376 1454 recedentes
2404 1404 2549 1484 per
2577 1373 3025 1456 Picardiam
3053 1404 3277 1457 more
3306 1365 3544 1457 solito
3575 1378 3900 1458 hostiles

1099 1508 1506 1590 discursus
1537 1529 1994 1622 statuerunt
2025 1511 2430 1592 inchoare.

977 1667 1000 1709 ··
1103 1711 1111 1723 .
1212 1644 1601 1726 Nundum
1652 1647 2116 1727 innotuerat
2166 1651 2336 1757 regi
2392 1650 2726 1742 Francie
2774 1651 3126 1732 hostium
3183 1670 3636 1762 apparatus.
3698 1654 3909 1734 Nam

1100 1782 1340 1862 rebus
1402 1782 1920 1897 dissimilibus
1974 1785 2370 1884 intentus,
2432 1815 2617 1866 cum
2668 1788 3312 1870 Resurrectionis
3361 1791 3693 1880 Domini
3742 1790 3908 1870 dies

1100 1919 1447 2000 celebres
1478 1922 1765 2029 egisset
1798 1919 2146 2001 Parisius
2169 1982 2189 2020 ,
2229 1920 2333 2001 ad
2376 1915 2846 2010 memoriam
2897 1898 3287 2007 reducens
3346 1956 3429 2007 se
3489 1925 3588 2006 de
3645 1926 3906 2007 Flam-

1096 2060 1395 2168 mingis
1425 2061 1732 2140 meritis
1771 2077 1852 2139 et
1883 2059 2452 2151 intercessione
2485 2062 2719 2142 beate
2743 2064 2892 2144 Dei
2917 2066 3332 2172 genitricis
3357 2064 3604 2145 Marie
3630 2068 3907 2145 trium-

1055 2237 1064 2244 ·
1101 2197 1417 2304 phasse,
1464 2213 1740 2277 votum
1781 2195 2003 2309 quod
2043 2199 2413 2278 emiserat
2457 2201 2765 2279 curavit
2819 2202 3235 2310 perficere,
3269 2231 3358 2281 ac
3405 2200 3686 2283 devote
3738 2205 3804 2313 ej
3818 2231 3906 2283 us
4028 2185 4035 2190 ⁷

1101 2335 1511 2415 ecclesiam
1545 2336 1894 2418 visitavit
1926 2353 2007 2415 et
2045 2334 2604 2418 oblacionibus
2637 2335 2922 2419 ditavit
2951 2340 3034 2419 in
3060 2341 3376 2421 civitate
3403 2340 3902 2419 Carnotensi.

1101 2473 1303 2554 Inde
1335 2474 1782 2556 Aurelianis
1822 2475 2202 2575 tendenS‚
2244 2505 2291 2556 a
2342 2477 2651 2559 civibus
2674 2541 2694 2579 ‚
2739 2497 2830 2560 ut
2888 2478 3217 2560 decebat
3268 2480 3573 2589 regiam
3621 2479 3904 2588 majes-

1101 2630 1385 2710 tatem,
1427 2612 1855 2723 magnifice
1911 2632 2328 2725 susceptus
2387 2635 2508 2697 est
2563 2645 2734 2721 non
2789 2620 2964 2698 sine
3018 2617 3245 2699 fluxu
3292 2645 3716 2696 munerum
3740 2678 3758 2713 ,
3820 2619 3904 2695 in

1106 2768 1499 2860 quantum
1534 2751 1884 2831 civilium
1929 2754 2393 2861 paciebatur
2447 2754 2806 2836 facultas.
2858 2753 3054 2854 Sed,
3087 2773 3509 2866 antequam
3546 2752 3723 2833 loco
3779 2783 3904 2832 ce-

1101 2886 1328 2968 deret
1346 2951 1364 2988 ,
1391 2891 1598 2969 sicut
1618 2890 2002 2989 Parisius,
2030 2910 2305 3001 portas
2338 2894 2570 2973 urhis
2596 2894 3077 3006 solo-equari
3110 2894 3501 3001 precepit;
3534 2893 3906 2972 cathenas

1102 3055 1428 3140 quoque
1463 3028 1766 3110 ferreas
1802 3034 2231 3131 removeri,
2264 3051 2346 3113 et
2386 3032 2778 3145 quosdam
2817 3033 3300 3143 principales
3337 3033 3708 3113 factionis
3748 3036 3905 3113 ini-

1102 3193 1258 3276 que
1283 3164 1696 3267 decollari,
1720 3170 1861 3281 qui
1885 3197 2090 3250 onus
2114 3172 2573 3280 peccuniale
2597 3170 3147 3253 subsidiorum
3169 3170 3435 3280 colligi
3461 3200 3633 3251 non
3663 3169 3907 3251 modo

1104 3300 1731 3413 denegaverant,
1750 3305 1891 3386 sed
1917 3309 2004 3387 in
2037 3309 2495 3390 collectores
2529 3311 2792 3419 regios
2842 3312 3483 3408 insurrexerant,
3520 3306 3908 3420 quosdam

1098 3468 1375 3521 eorum
1422 3443 1781 3524 necando
1817 3446 1902 3524 in
1943 3466 2498 3559 contemptum
2537 3451 2754 3557 regie
2784 3449 3245 3555 majestatis.

1215 3606 1392 3685 Hiis
1441 3610 1818 3715 peractiS‚
1866 3614 2074 3688 circa
2128 3612 2623 3719 principium
2664 3612 2890 3707 maii,
2951 3607 3146 3690 dum
3199 3607 3302 3689 ad
3354 3608 3637 3689 urbem
3696 3609 3912 3686 Pari-

1100 3746 1440 3823 siensem
1480 3747 1816 3825 maturis
1871 3747 2294 3828 itineribus
2332 3746 2782 3846 festinaret,-
2834 3765 3109 3829 assunt
3149 3747 3425 3826 nuncii
3481 3744 3907 3823 referentes

1103 3878 1322 3990 quod
1363 3881 1795 3962 multitudo
1830 3883 2355 3992 Anglicorum
2397 3885 2734 3965 infanda
2769 3886 2922 3966 sub
2961 3872 3276 3994 potenti
3318 3879 3518 3962 duce
3546 3899 3628 3961 et
3654 3880 3909 3961 titulis

1106 4023 1664 4127 generositatis
1720 4023 2120 4132 preclarO,
2171 4022 2508 4104 domino
2548 4024 2904 4122 Thoma‚
2959 4022 3125 4102 filio
3174 4022 3385 4129 regis
3437 4016 3725 4129 Anglie
3770 4017 3913 4100 de-

1107 4156 1401 4258 functi,
1444 4178 1971 4270 proruperat3
2008 4188 2163 4272 que
2205 4160 2571 4242 Picardie
2612 4163 2953 4270 patriam
2991 4157 3489 4254 devastabat,
3539 4174 3621 4236 et
3668 4154 3907 4268 quid-

1103 4293 1302 4405 quid
1337 4316 1570 4377 ·extra
1609 4300 1920 4378 munita
1955 4297 2309 4408 presidia
2361 4301 2714 4409 reperire
2762 4313 3083 4406 poterat
3135 4295 3295 4376 sibi·
3343 4293 3592 4376 dabat
3642 4297 3727 4374 in
3784 4293 3917 4373 di-

1106 4434 1566 4542 repcionem
1627 4454 1707 4516 et
1765 4434 2124 4547 predam.
2190 4439 2471 4545 Longe
2523 4436 2837 4547 lateque
2857 4498 2876 4534 ‚
2929 4462 3094 4546 quo
3146 4463 3230 4514 se
3282 4434 3593 4515 ferebat
3632 4460 3911 4511 eorum

1112 4573 1497 4681 impexum,
1562 4573 1795 4657 velud
1850 4595 2273 4686 tempestas
2321 4572 2607 4658 vallida
2664 4571 3203 4684 grassabatur,
3262 4571 3479 4652 nulla
3528 4567 3908 4648 incolumi

1025 4816 1030 4823 1
1106 4709 1380 4811 relicta
1410 4742 1521 4810 re,
1558 4715 1684 4792 cui
1717 4712 1934 4794 ferro
1966 4712 2110 4795 aut'
2149 4714 2319 4823 igni
2357 4715 2634 4796 noceri
2660 4730 2932 4824 posset
2954 4775 2972 4810 ,
3003 4712 3652 4818 vastacionesque
3682 4734 3914 4813 agro-

992 4858 1031 4917 -’
1065 4863 1082 4905 ³-
1107 4846 1286 4953 rjim
1321 4856 1473 4959 ‘per
1508 4852 2067 4932 contumeliam
2100 4852 2443 4933 urbibus
2473 4869 2553 4933 et
2597 4853 3054 4962 municipiis
3099 4865 3588 4933 ostentantes
3634 4874 3653 4923 ι
3695 4841 3911 4923 unde
