<?xml version="1.0" encoding="UTF-8"?>
<!DOCTYPE html PUBLIC "-//W3C//DTD XHTML 1.0 Transitional//EN"
    "http://www.w3.org/TR/xhtml1/DTD/xhtml1-transitional.dtd">
<html xmlns="http://www.w3.org/1999/xhtml" xml:lang="en" lang="en">
 <head>
  <title>
</title>
<meta http-equiv="Content-Type" content="text/html;charset=utf-8" />
  <meta name='ocr-system' content='tesseract 3.04.00' />
  <meta name='ocr-capabilities' content='ocr_page ocr_carea ocr_par ocr_line ocrx_word'/>
</head>
<body>
  <div class='ocr_page' id='page_1' title='image "./chroniquedureli00frangoog_0742.png"; bbox 0 0 4666 6014; ppageno 0'>
   <div class='ocr_carea' id='block_1_1' title="bbox 1152 652 3525 748">
    <p class='ocr_par' dir='ltr' id='par_1_1' title="bbox 1152 652 3525 748">
     <span class='ocr_line' id='line_1_1' title="bbox 1152 652 3525 748; baseline -0.008 0"><span class='ocrx_word' id='word_1_1' title='bbox 1152 673 1296 748; x_wconf 70' lang='lat'>748</span> <span class='ocrx_word' id='word_1_2' title='bbox 1604 652 2285 737; x_wconf 74' lang='lat' dir='ltr'>CHRONJCORUM</span> <span class='ocrx_word' id='word_1_3' title='bbox 2335 653 2688 731; x_wconf 82' lang='lat' dir='ltr'><strong>KAROLI</strong></span> <span class='ocrx_word' id='word_1_4' title='bbox 2734 653 3022 730; x_wconf 80' lang='lat' dir='ltr'>sEle</span> <span class='ocrx_word' id='word_1_5' title='bbox 3072 653 3249 734; x_wconf 85' lang='lat' dir='ltr'><strong>LIB.</strong></span> <span class='ocrx_word' id='word_1_6' title='bbox 3304 653 3475 730; x_wconf 82' lang='grc' dir='ltr'>ΧΠ.</span> <span class='ocrx_word' id='word_1_7' title='bbox 3510 665 3525 710; x_wconf 67' lang='lat'><em>³</em></span> 
     </span>
    </p>
   </div>
   <div class='ocr_carea' id='block_1_2' title="bbox 1126 813 3935 943">
    <p class='ocr_par' dir='ltr' id='par_1_2' title="bbox 1126 813 3935 943">
     <span class='ocr_line' id='line_1_2' title="bbox 1126 813 3935 943; baseline -0.003 -21"><span class='ocrx_word' id='word_1_8' title='bbox 1126 873 1146 894; x_wconf 88' lang='lat'><strong>·</strong></span> <span class='ocrx_word' id='word_1_9' title='bbox 1267 843 1398 921; x_wconf 90' lang='lat' dir='ltr'>Sic</span> <span class='ocrx_word' id='word_1_10' title='bbox 1445 839 1676 919; x_wconf 83' lang='lat' dir='ltr'>ferox</span> <span class='ocrx_word' id='word_1_11' title='bbox 1735 837 1957 921; x_wconf 89' lang='lat' dir='ltr'>miles</span> <span class='ocrx_word' id='word_1_12' title='bbox 1982 898 2001 934; x_wconf 86' lang='lat'>‚</span> <span class='ocrx_word' id='word_1_13' title='bbox 2059 864 2157 915; x_wconf 82' lang='lat' dir='ltr'>ex</span> <span class='ocrx_word' id='word_1_14' title='bbox 2216 836 2544 943; x_wconf 87' lang='lat' dir='ltr'>antiqua</span> <span class='ocrx_word' id='word_1_15' title='bbox 2591 833 2902 942; x_wconf 84' lang='lat' dir='ltr'>generis</span> <span class='ocrx_word' id='word_1_16' title='bbox 2950 829 3369 912; x_wconf 87' lang='lat' dir='ltr'>nobilitate</span> <span class='ocrx_word' id='word_1_17' title='bbox 3428 829 3725 913; x_wconf 88' lang='lat' dir='ltr'>ducens</span> <span class='ocrx_word' id='word_1_18' title='bbox 3768 813 3935 915; x_wconf 43' lang='lat' dir='ltr'>ori*</span> 
     </span>
    </p>
   </div>
   <div class='ocr_carea' id='block_1_3' title="bbox 1151 965 3937 2158">
    <p class='ocr_par' dir='ltr' id='par_1_3' title="bbox 1151 965 3937 2158">
     <span class='ocr_line' id='line_1_3' title="bbox 1154 965 3936 1092; baseline -0.003 -31"><span class='ocrx_word' id='word_1_19' title='bbox 1154 985 1459 1092; x_wconf 82' lang='lat' dir='ltr'>ginem,</span> <span class='ocrx_word' id='word_1_20' title='bbox 1516 995 1595 1058; x_wconf 90' lang='lat' dir='ltr'>et</span> <span class='ocrx_word' id='word_1_21' title='bbox 1648 978 1788 1088; x_wconf 88' lang='lat' dir='ltr'>qui</span> <span class='ocrx_word' id='word_1_22' title='bbox 1846 970 2387 1083; x_wconf 82' lang='lat' dir='ltr'>magnitudini</span> <span class='ocrx_word' id='word_1_23' title='bbox 2441 972 2807 1080; x_wconf 90' lang='lat' dir='ltr'>corporis</span> <span class='ocrx_word' id='word_1_24' title='bbox 2862 987 2941 1049; x_wconf 90' lang='lat' dir='ltr'>et</span> <span class='ocrx_word' id='word_1_25' title='bbox 2989 965 3296 1049; x_wconf 86' lang='lat' dir='ltr'>viribus</span> <span class='ocrx_word' id='word_1_26' title='bbox 3349 967 3592 1050; x_wconf 89' lang='lat' dir='ltr'>multa</span> <span class='ocrx_word' id='word_1_27' title='bbox 3651 969 3936 1054; x_wconf 89' lang='lat' dir='ltr'>decora</span> 
     </span>
     <span class='ocr_line' id='line_1_4' title="bbox 1152 1107 3936 1218; baseline -0.003 -20"><span class='ocrx_word' id='word_1_28' title='bbox 1152 1118 1545 1199; x_wconf 90' lang='lat' dir='ltr'>bellorum</span> <span class='ocrx_word' id='word_1_29' title='bbox 1610 1107 2069 1209; x_wconf 85' lang='lat' dir='ltr'>addiderat,</span> <span class='ocrx_word' id='word_1_30' title='bbox 2150 1111 2580 1218; x_wconf 82' lang='lat' dir='ltr'>linguaque</span> <span class='ocrx_word' id='word_1_31' title='bbox 2654 1124 2734 1187; x_wconf 88' lang='lat' dir='ltr'>et</span> <span class='ocrx_word' id='word_1_32' title='bbox 2805 1136 3046 1187; x_wconf 89' lang='lat' dir='ltr'>manu</span> <span class='ocrx_word' id='word_1_33' title='bbox 3103 1110 3424 1187; x_wconf 82' lang='lat' dir='ltr'>cunctis</span> <span class='ocrx_word' id='word_1_34' title='bbox 3492 1107 3936 1190; x_wconf 82' lang='lat' dir='ltr'>baronibus</span> 
     </span>
     <span class='ocr_line' id='line_1_5' title="bbox 1154 1245 3937 1365; baseline -0.003 -30"><span class='ocrx_word' id='word_1_35' title='bbox 1154 1255 1625 1365; x_wconf 82' lang='lat' dir='ltr'>Aequitanie</span> <span class='ocrx_word' id='word_1_36' title='bbox 1665 1250 2131 1360; x_wconf 86' lang='lat' dir='ltr'>prompcior</span> <span class='ocrx_word' id='word_1_37' title='bbox 2171 1247 2641 1344; x_wconf 80' lang='lat' dir='ltr'><strong>habebatur,</strong></span> <span class='ocrx_word' id='word_1_38' title='bbox 2680 1274 2857 1325; x_wconf 90' lang='lat' dir='ltr'>cum</span> <span class='ocrx_word' id='word_1_39' title='bbox 2893 1272 3220 1352; x_wconf 84' lang='lat' dir='ltr'>magnas</span> <span class='ocrx_word' id='word_1_40' title='bbox 3262 1272 3385 1325; x_wconf 87' lang='lat' dir='ltr'>res</span> <span class='ocrx_word' id='word_1_41' title='bbox 3437 1245 3746 1354; x_wconf 82' lang='lat' dir='ltr'>agendo</span> <span class='ocrx_word' id='word_1_42' title='bbox 3792 1277 3937 1356; x_wconf 89' lang='lat' dir='ltr'>per</span> 
     </span>
     <span class='ocr_line' id='line_1_6' title="bbox 1151 1384 3936 1481; baseline -0.002 -9"><span class='ocrx_word' id='word_1_43' title='bbox 1151 1392 1460 1472; x_wconf 81' lang='lat' dir='ltr'>diversa</span> <span class='ocrx_word' id='word_1_44' title='bbox 1493 1409 1889 1472; x_wconf 84' lang='lat' dir='ltr'>terrarum</span> <span class='ocrx_word' id='word_1_45' title='bbox 1930 1388 2100 1468; x_wconf 90' lang='lat' dir='ltr'>loca</span> <span class='ocrx_word' id='word_1_46' title='bbox 2130 1390 2255 1466; x_wconf 81' lang='lat' dir='ltr'>sui</span> <span class='ocrx_word' id='word_1_47' title='bbox 2295 1386 2648 1467; x_wconf 88' lang='lat' dir='ltr'>nominis</span> <span class='ocrx_word' id='word_1_48' title='bbox 2687 1384 2979 1464; x_wconf 79' lang='lat' dir='ltr'>famam</span> <span class='ocrx_word' id='word_1_49' title='bbox 3012 1384 3464 1481; x_wconf 75' lang='lat' dir='ltr'><strong>extulisset,</strong></span> <span class='ocrx_word' id='word_1_50' title='bbox 3502 1388 3591 1474; x_wconf 83' lang='lat' dir='ltr'>in</span> <span class='ocrx_word' id='word_1_51' title='bbox 3624 1384 3936 1467; x_wconf 82' lang='lat' dir='ltr'>insidiis</span> 
     </span>
     <span class='ocr_line' id='line_1_7' title="bbox 1152 1520 3936 1636; baseline -0.002 -29"><span class='ocrx_word' id='word_1_52' title='bbox 1152 1532 1637 1636; x_wconf 73' lang='lat' dir='ltr'>interceptus</span> <span class='ocrx_word' id='word_1_53' title='bbox 1687 1527 1995 1604; x_wconf 82' lang='lat' dir='ltr'>occisus</span> <span class='ocrx_word' id='word_1_54' title='bbox 2037 1541 2181 1603; x_wconf 79' lang='lat' dir='ltr'>est.</span> <span class='ocrx_word' id='word_1_55' title='bbox 2242 1524 2428 1624; x_wconf 87' lang='lat' dir='ltr'>Quo</span> <span class='ocrx_word' id='word_1_56' title='bbox 2478 1520 2798 1619; x_wconf 82' lang='lat' dir='ltr'>audito,</span> <span class='ocrx_word' id='word_1_57' title='bbox 2852 1524 2994 1630; x_wconf 87' lang='lat' dir='ltr'>qui</span> <span class='ocrx_word' id='word_1_58' title='bbox 3054 1522 3428 1600; x_wconf 81' lang='lat' dir='ltr'>militaria</span> <span class='ocrx_word' id='word_1_59' title='bbox 3488 1521 3660 1631; x_wconf 87' lang='lat' dir='ltr'>ejus</span> <span class='ocrx_word' id='word_1_60' title='bbox 3708 1526 3936 1631; x_wconf 83' lang='lat' dir='ltr'>signa</span> 
     </span>
     <span class='ocr_line' id='line_1_8' title="bbox 1157 1655 3935 1777; baseline -0.003 -31"><span class='ocrx_word' id='word_1_61' title='bbox 1157 1666 1473 1777; x_wconf 82' lang='lat' dir='ltr'>sequuti</span> <span class='ocrx_word' id='word_1_62' title='bbox 1507 1664 1829 1743; x_wconf 82' lang='lat' dir='ltr'>fuerant</span> <span class='ocrx_word' id='word_1_63' title='bbox 1868 1681 2056 1741; x_wconf 77' lang='lat' dir='ltr'>mox</span> <span class='ocrx_word' id='word_1_64' title='bbox 2084 1659 2185 1740; x_wconf 91' lang='lat' dir='ltr'>de</span> <span class='ocrx_word' id='word_1_65' title='bbox 2208 1655 2695 1739; x_wconf 81' lang='lat' dir='ltr'>Lombardia</span> <span class='ocrx_word' id='word_1_66' title='bbox 2724 1675 3255 1738; x_wconf 69' lang='lat' dir='ltr'>recesserunt·</span> <span class='ocrx_word' id='word_1_67' title='bbox 3274 1658 3719 1739; x_wconf 80' lang='lat' dir='ltr'>Florentini</span> <span class='ocrx_word' id='word_1_68' title='bbox 3746 1683 3935 1740; x_wconf 78' lang='lat' dir='ltr'>vero</span> 
     </span>
     <span class='ocr_line' id='line_1_9' title="bbox 1154 1789 3936 1908; baseline -0.002 -26"><span class='ocrx_word' id='word_1_69' title='bbox 1154 1820 1232 1882; x_wconf 90' lang='lat' dir='ltr'>et</span> <span class='ocrx_word' id='word_1_70' title='bbox 1251 1801 1794 1882; x_wconf 86' lang='lat' dir='ltr'>Bononienses</span> <span class='ocrx_word' id='word_1_71' title='bbox 1815 1862 1833 1898; x_wconf 89' lang='lat'>‚</span> <span class='ocrx_word' id='word_1_72' title='bbox 1865 1799 2229 1908; x_wconf 84' lang='lat' dir='ltr'>principe</span> <span class='ocrx_word' id='word_1_73' title='bbox 2254 1824 2397 1877; x_wconf 84' lang='lat' dir='ltr'>suo</span> <span class='ocrx_word' id='word_1_74' title='bbox 2426 1799 2540 1878; x_wconf 91' lang='lat' dir='ltr'>sic</span> <span class='ocrx_word' id='word_1_75' title='bbox 2572 1796 2900 1905; x_wconf 83' lang='lat' dir='ltr'>privati,</span> <span class='ocrx_word' id='word_1_76' title='bbox 2922 1789 3200 1876; x_wconf 56' lang='lat' dir='ltr'>&#39;animo</span> <span class='ocrx_word' id='word_1_77' title='bbox 3230 1798 3716 1875; x_wconf 88' lang='lat' dir='ltr'>consternati</span> <span class='ocrx_word' id='word_1_78' title='bbox 3744 1809 3936 1877; x_wconf 80' lang='lat' dir='ltr'>sunt</span> 
     </span>
     <span class='ocr_line' id='line_1_10' title="bbox 1153 1927 3932 2048; baseline -0.001 -31"><span class='ocrx_word' id='word_1_79' title='bbox 1153 1957 1233 2018; x_wconf 90' lang='lat' dir='ltr'>et</span> <span class='ocrx_word' id='word_1_80' title='bbox 1266 1967 1349 2017; x_wconf 88' lang='lat' dir='ltr'>se</span> <span class='ocrx_word' id='word_1_81' title='bbox 1387 1938 1705 2046; x_wconf 89' lang='lat' dir='ltr'>penitus</span> <span class='ocrx_word' id='word_1_82' title='bbox 1743 1954 2338 2048; x_wconf 88' lang='lat' dir='ltr'>supposuerunt</span> <span class='ocrx_word' id='word_1_83' title='bbox 2376 1932 2477 2016; x_wconf 89' lang='lat' dir='ltr'>ad</span> <span class='ocrx_word' id='word_1_84' title='bbox 2524 1929 2833 2022; x_wconf 85' lang='lat' dir='ltr'>domini</span> <span class='ocrx_word' id='word_1_85' title='bbox 2873 1927 3301 2014; x_wconf 81' lang='lat' dir='ltr'>Mediolani</span> <span class='ocrx_word' id='word_1_86' title='bbox 3345 1931 3932 2042; x_wconf 88' lang='lat' dir='ltr'>beneplacitum</span> 
     </span>
     <span class='ocr_line' id='line_1_11' title="bbox 1154 2073 1607 2158; baseline 0.007 -3"><span class='ocrx_word' id='word_1_87' title='bbox 1154 2073 1607 2158; x_wconf 71' lang='lat' dir='ltr'>voluntatis·</span> 
     </span>
    </p>
   </div>
   <div class='ocr_carea' id='block_1_4' title="bbox 2108 2261 2971 2349">
    <p class='ocr_par' dir='ltr' id='par_1_4' title="bbox 2108 2261 2971 2349">
     <span class='ocr_line' id='line_1_12' title="bbox 2108 2261 2971 2349; baseline -0.002 -6"><span class='ocrx_word' id='word_1_88' title='bbox 2108 2261 2764 2345; x_wconf 78' lang='lat' dir='ltr'><strong>CAPITULUM</strong></span> <span class='ocrx_word' id='word_1_89' title='bbox 2830 2266 2971 2349; x_wconf 86' lang='lat' dir='ltr'>IV.</span> 
     </span>
    </p>
   </div>
   <div class='ocr_carea' id='block_1_5' title="bbox 2055 2503 3043 2566">
    <p class='ocr_par' dir='ltr' id='par_1_5' title="bbox 2055 2503 3043 2566">
     <span class='ocr_line' id='line_1_13' title="bbox 2055 2503 3043 2566; baseline -0.004 -2"><span class='ocrx_word' id='word_1_90' title='bbox 2055 2503 2145 2564; x_wconf 83' lang='lat' dir='ltr'>De</span> <span class='ocrx_word' id='word_1_91' title='bbox 2185 2514 2370 2564; x_wconf 71' lang='lat' dir='ltr'>morte</span> <span class='ocrx_word' id='word_1_92' title='bbox 2410 2504 2632 2564; x_wconf 75' lang='lat' dir='ltr'>comitis</span> <span class='ocrx_word' id='word_1_93' title='bbox 2676 2503 3043 2566; x_wconf 59' lang='lat' dir='ltr'>Fuimus.</span> 
     </span>
    </p>
   </div>
   <div class='ocr_carea' id='block_1_6' title="bbox 1160 2732 3940 3935">
    <p class='ocr_par' dir='ltr' id='par_1_6' title="bbox 1160 2732 3940 3935">
     <span class='ocr_line' id='line_1_14' title="bbox 1274 2732 3937 2844; baseline 0.001 -30"><span class='ocrx_word' id='word_1_94' title='bbox 1274 2738 1455 2844; x_wconf 77' lang='lat' dir='ltr'>Ipsa</span> <span class='ocrx_word' id='word_1_95' title='bbox 1483 2734 1641 2832; x_wconf 73' lang='lat' dir='ltr'>die,</span> <span class='ocrx_word' id='word_1_96' title='bbox 1669 2763 1830 2842; x_wconf 85' lang='lat' dir='ltr'>qua</span> <span class='ocrx_word' id='word_1_97' title='bbox 1859 2749 2178 2814; x_wconf 67' lang='lat' dir='ltr'>aetuoso</span> <span class='ocrx_word' id='word_1_98' title='bbox 2205 2733 2645 2812; x_wconf 76' lang='lat' dir='ltr'>autumnali</span> <span class='ocrx_word' id='word_1_99' title='bbox 2675 2732 3005 2843; x_wconf 79' lang='lat' dir='ltr'>hyemps</span> <span class='ocrx_word' id='word_1_100' title='bbox 3034 2732 3501 2815; x_wconf 79' lang='lat' dir='ltr'>suceedebat</span> <span class='ocrx_word' id='word_1_101' title='bbox 3526 2739 3937 2844; x_wconf 77' lang='lat' dir='ltr'>pruinosa,</span> 
     </span>
     <span class='ocr_line' id='line_1_15' title="bbox 1163 2867 3937 2982; baseline 0.001 -31"><span class='ocrx_word' id='word_1_102' title='bbox 1163 2897 1423 2951; x_wconf 79' lang='lat' dir='ltr'>comes</span> <span class='ocrx_word' id='word_1_103' title='bbox 1467 2870 1788 2982; x_wconf 76' lang='lat' dir='ltr'>inclitus</span> <span class='ocrx_word' id='word_1_104' title='bbox 1828 2867 2302 2948; x_wconf 81' lang='lat' dir='ltr'>Fuxinensis</span> <span class='ocrx_word' id='word_1_105' title='bbox 2326 2927 2346 2966; x_wconf 93' lang='lat'><strong>,</strong></span> <span class='ocrx_word' id='word_1_106' title='bbox 2374 2869 2546 2949; x_wconf 78' lang='lat' dir='ltr'>fere</span> <span class='ocrx_word' id='word_1_107' title='bbox 2588 2870 2999 2977; x_wconf 82' lang='lat' dir='ltr'>octoginta</span> <span class='ocrx_word' id='word_1_108' title='bbox 3029 2895 3282 2949; x_wconf 85' lang='lat' dir='ltr'>annos</span> <span class='ocrx_word' id='word_1_109' title='bbox 3315 2895 3588 2979; x_wconf 86' lang='lat' dir='ltr'>agens,</span> <span class='ocrx_word' id='word_1_110' title='bbox 3617 2874 3739 2951; x_wconf 71' lang='lat' dir='ltr'>vir</span> <span class='ocrx_word' id='word_1_111' title='bbox 3766 2897 3937 2954; x_wconf 80' lang='lat' dir='ltr'>nou</span> 
     </span>
     <span class='ocr_line' id='line_1_16' title="bbox 1161 3004 3935 3119; baseline 0.001 -31"><span class='ocrx_word' id='word_1_112' title='bbox 1161 3009 1407 3089; x_wconf 86' lang='lat' dir='ltr'>dubie</span> <span class='ocrx_word' id='word_1_113' title='bbox 1435 3005 1727 3116; x_wconf 83' lang='lat' dir='ltr'>dignus</span> <span class='ocrx_word' id='word_1_114' title='bbox 1753 3009 1976 3086; x_wconf 87' lang='lat' dir='ltr'>omni</span> <span class='ocrx_word' id='word_1_115' title='bbox 2004 3005 2282 3086; x_wconf 79' lang='lat' dir='ltr'>bellica</span> <span class='ocrx_word' id='word_1_116' title='bbox 2313 3004 2545 3086; x_wconf 87' lang='lat' dir='ltr'>laude</span> <span class='ocrx_word' id='word_1_117' title='bbox 2563 3069 2581 3105; x_wconf 90' lang='lat'>‚</span> <span class='ocrx_word' id='word_1_118' title='bbox 2616 3020 2697 3087; x_wconf 88' lang='lat' dir='ltr'>et</span> <span class='ocrx_word' id='word_1_119' title='bbox 2728 3010 3038 3116; x_wconf 78' lang='lat' dir='ltr'>quince</span> <span class='ocrx_word' id='word_1_120' title='bbox 3071 3010 3318 3087; x_wconf 86' lang='lat' dir='ltr'>animi</span> <span class='ocrx_word' id='word_1_121' title='bbox 3345 3010 3600 3089; x_wconf 88' lang='lat' dir='ltr'>solum</span> <span class='ocrx_word' id='word_1_122' title='bbox 3629 3012 3935 3119; x_wconf 85' lang='lat' dir='ltr'>vigore,</span> 
     </span>
     <span class='ocr_line' id='line_1_17' title="bbox 1160 3138 3937 3253; baseline -0 -27"><span class='ocrx_word' id='word_1_123' title='bbox 1160 3146 1299 3226; x_wconf 89' lang='lat' dir='ltr'>sed</span> <span class='ocrx_word' id='word_1_124' title='bbox 1345 3147 1595 3225; x_wconf 85' lang='lat' dir='ltr'>eciam</span> <span class='ocrx_word' id='word_1_125' title='bbox 1650 3143 2009 3253; x_wconf 86' lang='lat' dir='ltr'>corporis</span> <span class='ocrx_word' id='word_1_126' title='bbox 2068 3144 2372 3224; x_wconf 83' lang='lat' dir='ltr'>viribus</span> <span class='ocrx_word' id='word_1_127' title='bbox 2418 3138 2808 3224; x_wconf 67' lang='lat' dir='ltr'>&#39;excellens</span> <span class='ocrx_word' id='word_1_128' title='bbox 2859 3147 3231 3226; x_wconf 82' lang='lat' dir='ltr'>extiterat</span> <span class='ocrx_word' id='word_1_129' title='bbox 3250 3207 3270 3242; x_wconf 91' lang='lat'><strong><em>‚</em></strong></span> <span class='ocrx_word' id='word_1_130' title='bbox 3314 3149 3621 3226; x_wconf 82' lang='lat' dir='ltr'>cunctis</span> <span class='ocrx_word' id='word_1_131' title='bbox 3675 3170 3937 3225; x_wconf 81' lang='lat' dir='ltr'>exem-</span> 
     </span>
     <span class='ocr_line' id='line_1_18' title="bbox 1160 3264 3940 3391; baseline 0 -31"><span class='ocrx_word' id='word_1_132' title='bbox 1160 3283 1381 3391; x_wconf 90' lang='lat' dir='ltr'>plum</span> <span class='ocrx_word' id='word_1_133' title='bbox 1424 3282 1750 3389; x_wconf 86' lang='lat' dir='ltr'>prebuit</span> <span class='ocrx_word' id='word_1_134' title='bbox 1792 3280 2263 3361; x_wconf 85' lang='lat' dir='ltr'>mortalibus</span> <span class='ocrx_word' id='word_1_135' title='bbox 2294 3281 2554 3361; x_wconf 88' lang='lat' dir='ltr'>brevis</span> <span class='ocrx_word' id='word_1_136' title='bbox 2604 3264 2761 3363; x_wconf 53' lang='lat' dir='ltr'>{rite</span> <span class='ocrx_word' id='word_1_137' title='bbox 2817 3281 3323 3378; x_wconf 83' lang='lat' dir='ltr'>considerare</span> <span class='ocrx_word' id='word_1_138' title='bbox 3375 3285 3807 3363; x_wconf 85' lang='lat' dir='ltr'>terminum</span> <span class='ocrx_word' id='word_1_139' title='bbox 3862 3296 3940 3361; x_wconf 90' lang='lat' dir='ltr'>et</span> 
     </span>
     <span class='ocr_line' id='line_1_19' title="bbox 1162 3392 3936 3528; baseline 0.001 -34"><span class='ocrx_word' id='word_1_140' title='bbox 1162 3413 1382 3525; x_wconf 89' lang='lat' dir='ltr'>quod</span> <span class='ocrx_word' id='word_1_141' title='bbox 1414 3392 2009 3496; x_wconf 82' lang='lat' dir='ltr'>inevitabilibus</span> <span class='ocrx_word' id='word_1_142' title='bbox 2037 3414 2411 3524; x_wconf 85' lang='lat' dir='ltr'>periculis</span> <span class='ocrx_word' id='word_1_143' title='bbox 2452 3414 2702 3496; x_wconf 83' lang='lat' dir='ltr'>soleat</span> <span class='ocrx_word' id='word_1_144' title='bbox 2728 3416 3159 3525; x_wconf 87' lang='lat' dir='ltr'>subjacere.</span> <span class='ocrx_word' id='word_1_145' title='bbox 3198 3416 3379 3527; x_wconf 88' lang='lat' dir='ltr'>Ipsa</span> <span class='ocrx_word' id='word_1_146' title='bbox 3411 3446 3752 3528; x_wconf 87' lang='lat' dir='ltr'>namque</span> <span class='ocrx_word' id='word_1_147' title='bbox 3780 3418 3936 3516; x_wconf 88' lang='lat' dir='ltr'>die,</span> 
     </span>
     <span class='ocr_line' id='line_1_20' title="bbox 1162 3538 3937 3665; baseline -0 -32"><span class='ocrx_word' id='word_1_148' title='bbox 1162 3583 1345 3645; x_wconf 86' lang='lat' dir='ltr'>cum</span> <span class='ocrx_word' id='word_1_149' title='bbox 1370 3581 1641 3639; x_wconf 85' lang='lat' dir='ltr'>cenam</span> <span class='ocrx_word' id='word_1_150' title='bbox 1665 3569 1968 3661; x_wconf 86' lang='lat' dir='ltr'>peteret</span> <span class='ocrx_word' id='word_1_151' title='bbox 2002 3570 2506 3660; x_wconf 85' lang='lat' dir='ltr'>preparatam</span> <span class='ocrx_word' id='word_1_152' title='bbox 2540 3553 2900 3665; x_wconf 84' lang='lat' dir='ltr'>lotasque</span> <span class='ocrx_word' id='word_1_153' title='bbox 2935 3583 3215 3637; x_wconf 86' lang='lat' dir='ltr'>manus</span> <span class='ocrx_word' id='word_1_154' title='bbox 3243 3573 3648 3663; x_wconf 76' lang='lat' dir='ltr'>extergere</span> <span class='ocrx_word' id='word_1_155' title='bbox 3671 3538 3937 3653; x_wconf 43' lang='lat' dir='ltr'>reflet,</span> 
     </span>
     <span class='ocr_line' id='line_1_21' title="bbox 1162 3688 3940 3802; baseline -0.001 -33"><span class='ocrx_word' id='word_1_156' title='bbox 1162 3690 1580 3797; x_wconf 74' lang='lat' dir='ltr'>apoplexia</span> <span class='ocrx_word' id='word_1_157' title='bbox 1621 3715 2076 3797; x_wconf 80' lang='lat' dir='ltr'>percussus,</span> <span class='ocrx_word' id='word_1_158' title='bbox 2113 3688 2385 3772; x_wconf 86' lang='lat' dir='ltr'>subito</span> <span class='ocrx_word' id='word_1_159' title='bbox 2422 3717 2662 3770; x_wconf 82' lang='lat' dir='ltr'>sensu</span> <span class='ocrx_word' id='word_1_160' title='bbox 2704 3691 3165 3802; x_wconf 81' lang='lat' dir='ltr'>viribusque</span> <span class='ocrx_word' id='word_1_161' title='bbox 3206 3688 3667 3788; x_wconf 65' lang='lat' dir='ltr'>destitututs,</span> <span class='ocrx_word' id='word_1_162' title='bbox 3708 3692 3940 3802; x_wconf 84' lang='lat' dir='ltr'>quasi</span> 
     </span>
     <span class='ocr_line' id='line_1_22' title="bbox 1162 3824 3940 3935; baseline 0.001 -32"><span class='ocrx_word' id='word_1_163' title='bbox 1162 3828 1408 3933; x_wconf 79' lang='lat' dir='ltr'>lapis,</span> <span class='ocrx_word' id='word_1_164' title='bbox 1449 3853 1779 3935; x_wconf 70' lang='lat' dir='ltr'>preceps</span> <span class='ocrx_word' id='word_1_165' title='bbox 1813 3828 2125 3933; x_wconf 73' lang='lat' dir='ltr'>corruit</span> <span class='ocrx_word' id='word_1_166' title='bbox 2157 3825 2616 3908; x_wconf 70' lang='lat' dir='ltr'>suffocatus·</span> <span class='ocrx_word' id='word_1_167' title='bbox 2664 3824 2890 3906; x_wconf 74' lang='lat' dir='ltr'>Unde</span> <span class='ocrx_word' id='word_1_168' title='bbox 2918 3852 3059 3907; x_wconf 84' lang='lat' dir='ltr'>rex</span> <span class='ocrx_word' id='word_1_169' title='bbox 3088 3827 3316 3908; x_wconf 79' lang='lat' dir='ltr'>valde</span> <span class='ocrx_word' id='word_1_170' title='bbox 3340 3826 3600 3908; x_wconf 81' lang='lat' dir='ltr'>doluit</span> <span class='ocrx_word' id='word_1_171' title='bbox 3619 3888 3638 3926; x_wconf 91' lang='lat'>‚</span> <span class='ocrx_word' id='word_1_172' title='bbox 3672 3846 3765 3907; x_wconf 84' lang='lat' dir='ltr'>ut</span> <span class='ocrx_word' id='word_1_173' title='bbox 3796 3856 3940 3907; x_wconf 77' lang='lat' dir='ltr'>au-</span> 
     </span>
    </p>
   </div>
   <div class='ocr_carea' id='block_1_7' title="bbox 1061 3960 3941 4211">
    <p class='ocr_par' dir='ltr' id='par_1_7' title="bbox 1061 3960 3941 4211">
     <span class='ocr_line' id='line_1_23' title="bbox 1086 3960 3941 4074; baseline -0.001 -28"><span class='ocrx_word' id='word_1_174' title='bbox 1086 4040 1092 4046; x_wconf 90' lang='lat'><em>.</em></span> <span class='ocrx_word' id='word_1_175' title='bbox 1164 3960 1396 4060; x_wconf 85' lang='lat' dir='ltr'>divit,</span> <span class='ocrx_word' id='word_1_176' title='bbox 1429 3963 1690 4043; x_wconf 79' lang='lat' dir='ltr'>sciens</span> <span class='ocrx_word' id='word_1_177' title='bbox 1722 3961 1943 4074; x_wconf 84' lang='lat' dir='ltr'>quod</span> <span class='ocrx_word' id='word_1_178' title='bbox 1973 3981 2155 4044; x_wconf 79' lang='lat' dir='ltr'>toto</span> <span class='ocrx_word' id='word_1_179' title='bbox 2199 3981 2559 4072; x_wconf 70' lang='lat' dir='ltr'>tempore</span> <span class='ocrx_word' id='word_1_180' title='bbox 2584 3966 2744 4043; x_wconf 82' lang='lat' dir='ltr'>vite</span> <span class='ocrx_word' id='word_1_181' title='bbox 2780 3964 2919 4043; x_wconf 76' lang='lat' dir='ltr'>sue</span> <span class='ocrx_word' id='word_1_182' title='bbox 2950 3962 3186 4044; x_wconf 76' lang='lat' dir='ltr'>fiores</span> <span class='ocrx_word' id='word_1_183' title='bbox 3232 3965 3453 4045; x_wconf 79' lang='lat' dir='ltr'>aurei</span> <span class='ocrx_word' id='word_1_184' title='bbox 3498 3965 3646 4044; x_wconf 83' lang='lat' dir='ltr'>lilii</span> <span class='ocrx_word' id='word_1_185' title='bbox 3693 3962 3941 4043; x_wconf 82' lang='lat' dir='ltr'>deffe-</span> 
     </span>
     <span class='ocr_line' id='line_1_24' title="bbox 1061 4097 3940 4211; baseline 0.001 -35"><span class='ocrx_word' id='word_1_186' title='bbox 1061 4182 1080 4197; x_wconf 40' lang='grc'>,</span> <span class='ocrx_word' id='word_1_187' title='bbox 1164 4114 1428 4178; x_wconf 82' lang='lat' dir='ltr'>rentes</span> <span class='ocrx_word' id='word_1_188' title='bbox 1464 4097 1798 4179; x_wconf 80' lang='lat' dir='ltr'>cordiali</span> <span class='ocrx_word' id='word_1_189' title='bbox 1831 4098 2120 4180; x_wconf 62' lang='lat' dir='ltr'>aflectu</span> <span class='ocrx_word' id='word_1_190' title='bbox 2151 4100 2539 4197; x_wconf 53' lang='lat' dir='ltr'>colueram</span> <span class='ocrx_word' id='word_1_191' title='bbox 2578 4117 2664 4180; x_wconf 80' lang='lat' dir='ltr'>et</span> <span class='ocrx_word' id='word_1_192' title='bbox 2686 4124 2873 4211; x_wconf 82' lang='lat' dir='ltr'>cum</span> <span class='ocrx_word' id='word_1_193' title='bbox 2904 4102 3560 4210; x_wconf 83' lang='lat' dir='ltr'>progenitoribus</span> <span class='ocrx_word' id='word_1_194' title='bbox 3600 4099 3940 4181; x_wconf 81' lang='lat' dir='ltr'>fideliter</span> 
     </span>
    </p>
   </div>
   <div class='ocr_carea' id='block_1_8' title="bbox 1166 4232 2600 4319">
    <p class='ocr_par' dir='ltr' id='par_1_8' title="bbox 1166 4232 2600 4319">
     <span class='ocr_line' id='line_1_25' title="bbox 1166 4232 2600 4319; baseline 0.001 -5"><span class='ocrx_word' id='word_1_195' title='bbox 1166 4232 1724 4319; x_wconf 58' lang='lat' dir='ltr'>tenninaverat</span> <span class='ocrx_word' id='word_1_196' title='bbox 1763 4260 2080 4318; x_wconf 84' lang='lat' dir='ltr'>cursum</span> <span class='ocrx_word' id='word_1_197' title='bbox 2121 4232 2408 4318; x_wconf 89' lang='lat' dir='ltr'>milicie</span> <span class='ocrx_word' id='word_1_198' title='bbox 2439 4258 2600 4318; x_wconf 86' lang='lat' dir='ltr'>sue.</span> 
     </span>
    </p>
   </div>
  </div>
 </body>
</html>
