4666 6014
1100 630 1244 702 670
1558 621 2240 698 CHRONICORUM
2291 621 2644 696 KAROLI
2695 615 2979 698 81:3le
3030 617 3204 699 LIB.
3262 619 3395 700 XI.

1101 800 1360 896 dium,
1422 799 1523 878 ad
1597 800 1999 910 navigium
2056 794 2517 892 redeuntes,
2584 800 2894 905 gracias
2956 797 3280 877 Christo
3348 796 3877 884 reddiderunt

1096 937 1312 1049 quod
1352 934 1711 1046 predicta
1755 953 2166 1015 evaserant
2205 931 2705 1030 discrimina;
2750 933 3022 1045 ibique
3063 963 3338 1015 auram
3378 911 3874 1047 navigacioni

1097 1092 1362 1182 aptam
1405 1071 1677 1152 triduo
1718 1053 2355 1180 expectaverunt.
2414 1071 2743 1150 Interim
2799 1072 3227 1152 Januenses
3270 1102 3451 1154 cum
3487 1104 3674 1186 rege
3711 1076 3879 1155 Tu-

1095 1214 1287 1291 nicii
1349 1210 1838 1321 colloquium
1891 1237 2036 1317 per
2091 1210 2610 1314 interpretem
2675 1208 3173 1308 habuerunt;
3230 1209 3451 1321 quod
3519 1187 3878 1323 quamvis

1095 1366 1481 1428 secretum
1518 1348 1872 1426 extiterit
1891 1406 1910 1443 ,
1944 1344 2263 1454 publice
2292 1363 2559 1424 tamen
2588 1341 2890 1424 dictum
2924 1343 3077 1424 fuit
3106 1346 3368 1453 ipsum
3400 1373 3667 1455 regem
3693 1377 3878 1455 egre

1095 1485 1480 1564 ferentem
1517 1510 1845 1562 suorum
1890 1479 2447 1561 deffectionem
2468 1543 2488 1579 ,
2532 1509 2633 1560 ne
2671 1482 2824 1590 ipsi
2863 1481 3293 1562 Januenses
3324 1483 3709 1592 majorem
3750 1513 3877 1563 co-

1096 1625 1308 1729 piam
1362 1622 1747 1729 pugillum
1800 1620 1988 1699 alias
2037 1619 2686 1715 transducerent,
2749 1647 2931 1698 cum
2988 1621 3099 1698 eis
3147 1637 3466 1728 pactum
3524 1621 3875 1703 firmasse

1097 1756 1318 1871 quod
1354 1787 1627 1837 omnes
1670 1758 2146 1837 christianos
2191 1759 2394 1864 quOs
2443 1758 2974 1836 incarceratos
3015 1749 3336 1836 tenebat
3386 1760 3873 1855 restitueret,

1097 1916 1177 1976 et
1238 1899 1322 1976 in
1381 1897 2208 2005 recompensacionem
2262 1923 2789 2002 expensarum
2847 1893 3115 1976 decem
3180 1897 3409 1976 milia·
3454 1925 3876 1977 aureorum

1098 2033 1322 2115 daret
1361 2040 1495 2115 eis.

2020 2203 2700 2282 CAPITULUM
2769 2205 2932 2280 ΙΙΙ.

1888 2438 2280 2498 Bononienses
2311 2460 2347 2496 a
2378 2458 2511 2519 rege
2540 2450 2743 2519 petunt
2774 2437 3075 2496 auxilium.

1213 2671 1424 2746 Dum
1462 2667 1900 2776 agebantur
1950 2665 2351 2775 predicta,
2403 2665 2846 2746 incidenter
2894 2657 3196 2775 scriptu
3235 2666 3482 2775 digna
3532 2668 3873 2775 plurima

1099 2807 1633 2910 contigerunt.
1702 2802 2219 2909 Quapropter
2276 2802 2380 2882 ad
2422 2821 2661 2910 caput
2710 2803 2902 2882 anni
2942 2801 3259 2882 ›reduco
3315 2803 3701 2884 calamum
3721 2822 3881 2902 ,-·et

1101 2937 1511 3049 quomodo
1557 2939 1619 3016 F
1622 2937 2000 3018 lorentini
2029 2935 2126 3017 'et
2165 2938 2708 3020 Bononienses
2755 2936 3148 3019 sexdecim
3198 2965 3502 3041 summe
3540 2941 3879 3021 auctori-

1098 3081 1285 3157 tatis
1316 3056 1746 3183 burgenses
1775 3093 1854 3155 et
1881 3073 2249 3159 doctores
2282 3075 2384 3156 ad
2415 3104 2679 3184 regem
2712 3079 3102 3156 miserunt
3130 3078 3500 3175 Parisius,
3536 3079 3748 3159 velut
3777 3076 3875 3158 ad

1098 3204 1455 3292 omnium
1484 3229 1938 3290 exterorum
1965 3210 2049 3289 in
2080 3212 2539 3291 necessitate
2560 3210 2952 3318 refugium
2977 3212 3442 3319 principale.
3468 3215 3644 3294 Hiis
3668 3215 3875 3293 comi

1096 3350 1366 3429 fronte
1407 3348 1826 3457 susceptis,
1859 3345 2063 3427 facta
2098 3345 2415 3427 dicendi
2448 3347 2708 3455 gracia
2757 3346 2843 3426 in
2896 3348 3377 3428 consistorio
3419 3350 3875 3459 principum

1094 3484 1314 3597 quod
1347 3486 1728 3595 placeret,
1766 3512 1961 3595 quas
2000 3484 2523 3593 paciebantur
2551 3514 2597 3565 a
2625 3482 2956 3564 domino
2991 3482 3419 3565 Mediolani
3447 3486 3874 3583 molestiaS,

1095 3624 1306 3730 quia⁴
1340 3622 1494 3703 sibi
1558 3619 1797 3700 subdi
1859 3623 2177 3729 penitus
2229 3620 2741 3719 recusabant,
2805 3639 3396 3729 proposuerunt
3446 3622 3873 3729 eleganter,

1096 3757 1633 3866 supplicantes
1677 3772 1769 3834 ut
1815 3757 1967 3835 sub
2007 3785 2147 3836 sua
2199 3759 2698 3865 protectione
2753 3775 3168 3838 manerent
3223 3755 3322 3835 de
3362 3775 3664 3855 cetero,
3722 3759 3872 3837 sub

1097 3894 1237 3972 tali
1282 3888 1757 3973 condicione
1799 3890 2044 4001 quod'
2076 3892 2230 3972 sibi
2279 3910 2360 3972 et
2408 3893 2993 3973 successoribus
3043 3866 3205 3973 suis
3248 3954 3303 3971 ..
3538 3904 3553 3936 ¹
3596 3923 3875 3975 eorum

1098 4029 1449 4134 insignes
1481 4044 1559 4104 et
1582 4023 2072 4133 adjacentem
2105 4029 2451 4134 patriam
2481 4047 2871 4139 perpetuo
2901 4027 3503 4109 submittebant.
3538 4030 3715 4109 Hiis
3744 4060 3876 4111 au-

1096 4161 1286 4241 ditis
1307 4223 1326 4259 ,
1362 4163 1699 4243 nuncios
1742 4163 2200 4244 successivis
2241 4164 2519 4245 refecit
2548 4163 2956 4275 dapsiliter
2986 4182 3067 4244 et
3096 4162 3332 4244 donis
3366 4165 3873 4247 uberioribus

1096 4297 1555 4395 cumulavit,
1609 4314 2072 4410 matureque
2121 4297 2634 4381 considerans
2689 4328 2773 4380 se
2827 4318 3055 4379 antea
3096 4298 3695 4383 confederatum
3738 4300 3877 4383 do·

1093 4440 1316 4516 mino
1382 4434 1862 4534 Mediolani,
1926 4455 2006 4516 et
2044 4435 2265 4548 quod
2325 4456 2674 4547 pretacta
2731 4437 3085 4518 dominia
3142 4440 3484 4520 Ecclesie
3548 4469 3876 4521 romane

1093 4570 1654 4681 subjacebant,
1692 4572 2030 4651 evocatis
2062 4573 2339 4679 legatis
2362 4635 2389 4671 2
2424 4575 2818 4657 honorem
2856 4575 3013 4655 sibi
3058 4575 3420 4656 oblatum
3449 4576 3707 4658 noluit
3751 4606 3876 4657 ac-

1170 4783 1188 4805 ·
1231 4776 1280 4831 ΙΙ
1305 4792 1340 4847 y
1365 4777 1494 4832 aiei
1521 4794 1631 4833 une
1653 4754 1852 4832 {aenne
1873 4777 2012 4833 d'un
2042 4788 2173 4837 mot
2197 4777 2339 4834 dans
2360 4778 2415 4834 le
2433 4784 2499 4834 ιι·
2521 4762 2692 4852 5958,
2720 4777 2818 4835 501.
2860 4774 2931 4836 83
2954 4796 3003 4832 r.
