4666 6014
1103 723 1245 793 ⁴04
1588 716 2271 791 CHRONICORUM
2323 713 2682 789 KAROLI
2732 709 3016 785 SEXTI
3066 708 3242 783 LIB.
3297 708 3390 782 11.

1096 871 1242 949 lice
1257 898 1426 949 non
1447 869 1903 967 observanS,
1930 886 2517 949 sacramentum
2540 864 3016 977 penitencie,
3046 860 3297 940 claves
3324 858 3688 958 Ecclesie,
3718 887 3896 939 auc-

1099 1008 1503 1085 toritatem
1537 1032 1860 1116 quoque
1889 1003 2200 1085 ordinis
2234 1008 2594 1086 virorum
2626 1000 3333 1083 ecclesiasticorum
3365 997 3679 1106 publice
3714 1025 3897 1106 par-

1096 1140 1571 1253 vipendens,
1616 1173 1797 1223 cum
1830 1172 2110 1223 eorum
2146 1146 2515 1242 monitiS,
2551 1142 2794 1221 veluti
2815 1140 3044 1247 ³aspis
3085 1134 3364 1234 surda,
3401 1137 3894 1248 acquiescere

1093 1298 1509 1391 sperneret
1559 1282 1828 1360 animo
1882 1282 2298 1391 pertinaci.
2358 1282 2487 1361 Sic
2542 1279 3045 1359 ecclesiarum
3100 1276 3329 1382 regni
3380 1274 3896 1384 prosperitati

1095 1417 1544 1518 invidebat,
1607 1418 1831 1532 quod
1887 1421 2186 1528 pluries
2248 1419 2479 1500 lateri
2536 1420 2745 1528 regis
2789 1415 3072 1496 Karoli
3128 1416 3500 1495 assistens
3554 1431 3898 1492 anteces-

1094 1586 1313 1638 sores
1362 1585 1548 1637 suos
1585 1558 1849 1638 fatuos
1880 1557 2139 1637 fertur
2181 1586 2502 1638 vocasse
2527 1619 2546 1656 ,
2597 1555 2791 1637 dum
2822 1583 2952 1635 eas
2981 1570 3106 1633 tot
3148 1549 3596 1631 redditibus
3637 1547 3901 1630 dotas·

1096 1715 1311 1793 sent3
1368 1713 1447 1776 et
1500 1698 1640 1780 sic.
1661 1693 1852 1775 odio
1903 1695 2377 1805 inexpiabili
2427 1714 2711 1776 contra
2759 1722 3035 1774 omnes
3080 1694 3297 1773 viros
3338 1690 3906 1770 ecclesiasticos

1097 1832 1560 1932 laborabat,
1614 1862 1896 1913 eorum
1948 1834 2363 1944 privilegia
2426 1863 2579 1945 pro
2626 1862 2860 1943 posse
2914 1828 3471 1940 infringendo,
3528 1830 3907 1938 precipue

1097 1990 1364 2050 tamen
1397 1990 1679 2050 contra
1705 1970 2002 2051 clerum
2034 1991 2114 2052 et
2143 1972 2756 2054 Universitatem
2781 1972 3304 2050 parisiensem
3340 1964 3900 2048 venerandam.

1099 2110 1304 2190 Sane
1336 2099 1459 2189 ‘ut
1523 2128 2111 2191 antecessorum
2153 2115 2178 2155 ¹
2242 2109 2755 2220 tyrannidem
2803 2137 3179 2218 superare
3230 2105 3636 2188 videretur
3685 2124 3764 2185 et
3820 2108 3906 2183 in

1097 2246 1433 2327 scolares
1458 2249 1747 2327 seviret
1778 2246 2188 2345 licencius,
2221 2252 2305 2329 in
2341 2249 2761 2330 Castelleto
2794 2247 3335 2359 prenominati
3363 2246 3593 2324 Parvi
3626 2244 3904 2325 Pontis

1095 2387 1548 2466 teterrimos
1622 2414 1972 2468 carceres
2043 2407 2637 2497 composuerat,
2703 2389 2846 2466 uni
2914 2384 3270 2464 Claustri
3326 2384 3695 2462 Brunelli
3709 2443 3730 2477 ,
3802 2382 3906 2462 al-

1101 2525 1246 2602 teri
1294 2524 1476 2601 Vici
1503 2523 2002 2602 Str-amittam
2034 2522 2429 2634 adaptans
2457 2527 2827 2623 nomina,
2866 2526 2951 2604 in
2995 2522 3535 2632 opprobrium
3572 2537 3652 2599 et
3692 2517 3906 2599 deri·

1096 2691 1275 2742 sum
1323 2662 1581 2740 tocius
1636 2658 1950 2740 ordinis
2005 2661 2424 2762 clericaliS,
2472 2681 3016 2775 statueratque
3073 2663 3159 2740 in
3213 2657 3514 2739 eisdem
3553 2657 3907 2768 prefatos

1099 2800 1425 2879 clericos
1467 2827 1619 2908 pro
1656 2798 2012 2909 qualibet
2054 2800 2203 2881 levi
2245 2831 2476 2882 causa
2533 2802 2966 2912 projicere,
3014 2799 3417 2908 injusticie
3462 2794 3909 2876 crudelissi-

1101 2966 1274 3017 mus
1321 2954 1752 3048 exequtor3
1817 2939 2201 3047 ignorans
2251 2957 2518 3022 tamen
2574 2935 2796 3052 quod
2859 2938 3150 3018 sensim
3218 2937 3304 3016 in
3368 2934 3538 3046 ejus
3590 2936 3908 3013 ruinam

1099 3094 1306 3154 artes
1338 3075 1664 3154 fortuna
1698 3075 2179 3157 submittens
2201 3140 2219 3176 ,
2258 3097 2523 3158 rotam
2557 3075 2992 3157 detrudens
3030 3072 3134 3154 ad
3163 3073 3476 3173 infima,
3508 3074 3673 3182 jam
3715 3073 3916 3150 inci«

1098 3231 1325 3320 peret
1354 3213 1806 3324 obliquare,
1840 3233 1921 3294 et
1962 3217 2047 3293 in
2083 3244 2289 3328 quos
2323 3215 2765 3296 tendiculas
2797 3214 3316 3325 preparabat,
3363 3211 3468 3290 ab
3501 3211 3696 3318 ipsis
3729 3226 3905 3288 tan-

1103 3349 1284 3429 dem
1325 3353 1491 3429 vice
1542 3379 1765 3430 versa
1805 3355 2423 3461 precipitaretur
2473 3356 2555 3434 in
2596 3353 2989 3434 similibus
3028 3350 3146 3430 vel
3181 3347 3504 3430 eisdem.

1218 3490 1325 3567 Ut
1356 3489 1571 3566 enim
1615 3504 1896 3566 contra
1944 3491 2203 3569 Deum
2241 3508 2322 3569 et
2369 3491 2795 3570 Ecclesiam
2847 3518 2890 3568 a
2938 3489 3185 3596 longo
3226 3506 3591 3596 tempore
3621 3486 3911 3566 scelera

1107 3643 1601 3736 perpetrata,
1655 3626 2042 3734 pertinaci
2098 3631 2369 3709 animo
2414 3628 3278 3709 excommunicacionis
3324 3627 3771 3707 sentencias
3827 3627 3911 3702 in

1106 3792 1292 3864 eum·
1331 3762 1528 3841 latas
1582 3762 2212 3871 parvipendens,
2275 3768 2675 3875 expiaret,
2728 3782 3169 3844 memorata
3212 3763 3703 3842 Universitas
3728 3824 3746 3858 ,
3794 3764 3913 3839 in-

1106 3904 1597 3982 formacione
1651 3903 2081 3984 sufficienti
2139 3907 2563 4014 prehabita
2592 3968 2611 4005 ,
2663 3904 3023 3986 libellum
3083 3902 3619 3983 accusacionis
3670 3928 3910 4007 super

1108 4040 1436 4149 prefatis
1482 4057 1564 4119 et
1609 4041 2158 4123 consimilibus
2211 4044 2686 4124 criminibus
2734 4070 3002 4122 coram
3053 4042 3430 4149 episcopo
3482 4037 3910 4115 Parisiensi

1106 4179 1612 4285 presentavit.
1677 4178 2128 4261 Tantorum
2183 4199 2450 4262 autem
2515 4182 2944 4261 criminum
2997 4179 3455 4288 objectione
3509 4175 3866 4285 pulsatus
3887 4236 3907 4271 ,

1109 4348 1287 4398 cum
1313 4301 1689 4428 superbia
1712 4322 1925 4428 cepit
1953 4323 2217 4428 primo
2242 4325 2692 4433 negocium,
2714 4338 2803 4399 ut
2832 4336 3263 4398 contumax
3289 4313 3906 4425 parvipendens,

1111 4456 1508 4564 negligere
1537 4520 1555 4556 ,
1610 4475 1691 4536 et
1738 4459 2242 4540 interminari
2288 4463 2443 4542 toti
2492 4459 2703 4540 clero
2755 4453 3272 4566 postmodum
3316 4456 3388 4533 ei
3436 4452 3782 4533 deterius
3825 4479 3908 4530 se

1105 4593 1546 4693 facturum,
1590 4596 1904 4707 sibique
1953 4598 2263 4678 facilem
2310 4599 2551 4708 hujus
2597 4594 3131 4676 accusacionis
3173 4595 3478 4673 exitum
3518 4588 3904 4701 polliceri.

1114 4735 1221 4812 At
1280 4732 1423 4811 ubi
1476 4761 1646 4812 rem
1704 4731 2144 4816 districtius
2186 4739 2315 4845 agi
2364 4734 2619 4835 videt,
2663 4732 2765 4815 ad
2809 4731 3329 4813 dominorum
3382 4750 3462 4812 et
3513 4728 3910 4809 nobilium

1184 4919 1203 4944 ¹
1252 4911 1392 4968 Var.
1425 4936 1438 4963 .-
1468 4922 1531 4966 n⁰
1549 4909 1691 4987 5960
1708 4954 1723 4983 ,
1750 4912 1847 4970 sol.
1876 4911 1946 4970 58
1971 4932 2041 4983 r.,
2070 4926 2478 4973 antecessorum
2503 4935 2731 4973 suorum
2759 4912 3134 4989 tyrannidem.
