4666 6014
1146 642 1291 714 672
1610 633 2293 728 CHRONICORUM
2346 631 2701 712 KAROLI
2750 627 3035 707 SEXTI
3084 627 3262 732 ΠΒ.
3313 623 3450 699 xl.

1150 804 1501 897 ceptare3
1546 784 1682 866 sed
1726 747 2022 866 eisdeni
2079 786 2621 894 gratissimum
2642 889 2645 894 ⁴
2665 779 3106 881 valedicens
3131 840 3151 877 ‚
3193 778 3501 858 tociens
3545 776 3924 896 quociens

1156 926 1794 1034 inquietarentur
1834 921 2130 1003 obtulit
2161 921 2607 1004 subsidium
2639 920 3138 1031 gallicanum.

2096 1261 2755 1342 CAPITULUM
2819 1262 2962 1343 lv.

1693 1497 1783 1556 De
1816 1497 2100 1557 exercicio
2126 1496 2369 1558 militari
2398 1519 2433 1557 a
2460 1496 2699 1568 Francis
2728 1493 3101 1556 laudabiliter
3127 1505 3375 1575 peracto.

1173 1825 1178 1831 ι
1267 1717 1471 1804 Cum
1505 1726 1656 1804 sub
1686 1752 1912 1835 spem
1962 1727 2177 1834 pacis
2218 1727 2430 1805 inter
2463 1726 2816 1804 Francos
2856 1742 2938 1804 et
2985 1724 3364 1833 Anglicos
3408 1724 3790 1812 induciali
3827 1726 3937 1806 fe-

1151 1858 1341 1940 dere
1376 1859 1896 1970 perdurante,
1937 1880 2017 1942 et
2046 1889 2351 1942 summe
2380 1863 2876 1942 auctoritatis
2915 1861 3223 1940 nobiles
3256 1861 3495 1972 hujus
3540 1844 3798 1972 gentis
3835 1863 3930 1940 li-

1153 1998 1342 2077 bere
1371 2000 1847 2078 curiositatis
1870 1999 2131 2108 gracia
2154 2000 2217 2076 F
2220 2001 2568 2078 ranciam
2598 1998 3198 2106 perlustrarent,
3226 2000 3438 2079 inter
3460 2026 3595 2080 eos
3618 2027 3931 2108 semper

1154 2152 1323 2213 erat
1363 2131 1462 2214 de
1500 2137 1797 2234 virtute
1838 2152 1918 2214 et
1970 2115 2377 2214 armorum
2427 2134 2799 2213 felicitate
2838 2133 3178 2214 verbalis
3232 2137 3687 2231 contencio,
3739 2133 3932 2212 dum

1151 2288 1616 2377 quereretur
1666 2271 1807 2382 qui
1861 2272 2284 2351 amborum
2328 2272 2578 2378 magis
2625 2268 3083 2350 honorandi
3128 2288 3413 2350 essent.
3476 2270 3932 2377 Infortunia

1154 2393 1604 2487 domestica
1627 2427 2200 2489 consueverant
2243 2408 2554 2516 Anglici
2598 2410 2927 2488 reticere
2955 2426 3034 2488 et
3076 2436 3474 2488 successus
3504 2436 3935 2517 prosperos

1155 2545 1239 2622 in
1298 2546 1770 2624 immensum
1827 2545 2225 2642 attollere3
2297 2541 2517 2653 quod
2579 2572 2884 2624 summe
2935 2543 3409 2651 displicebat
3467 2544 3794 2624 Gallicis
3858 2564 3936 2623 et

1154 2682 1750 2788 presumpcioni
1779 2655 2320 2760 ascribebant.

1266 2838 1500 2920 Unde
1534 2839 1886 2948 insignes
1914 2840 2203 2920 milites
2234 2858 2318 2921 et
2342 2842 2680 2923 animosi
2705 2843 3031 2951 juvenes
3060 2840 3543 2952 Reginaldus
3574 2839 3673 2920 de
3696 2842 3934 2949 Raya‚

1156 2977 1557 3058 Johannes
1592 2974 1851 3060 dictus
1884 2979 1954 3058 le
1992 2975 2395 3088 Maingre,
2438 2981 2629 3062 alias
2657 2978 3256 3078 BoussicauduS,
3300 2998 3379 3071 et
3422 2977 3797 3061 dominus
3836 2977 3936 3060 de

1158 3115 1614 3224 Sampiaco,
1655 3116 1822 3197 zelo
1856 3119 2350 3197 strenuitatis
2398 3120 2756 3217 accensi,
2798 3135 3252 3199 statuerunt
3300 3115 3695 3199 elucidare
3732 3116 3936 3230 quid

1160 3251 1593 3333 tenendum
1635 3280 1778 3361 per
1801 3257 2278 3336 exercicium
2307 3257 2653 3336 militare
2687 3256 2876 3335 alias
2912 3253 3367 3335 inauditum
3396 3274 3478 3335 et
3515 3253 3698 3334 ideo
3721 3256 3939 3334 litte-

1159 3392 1270 3469 ris
1303 3374 2046 3470 commendandum}
2091 3393 2196 3472 Ut
2225 3384 2440 3472 enim
2465 3392 2782 3473 titulum
2816 3392 3196 3500 gallicane
3219 3392 3511 3471 milicie
3540 3420 3936 3472 commen·

1160 3525 1504 3608 dabilem
1542 3525 1990 3624 redderent,
2028 3546 2107 3608 et
2144 3530 2641 3638 perhennam
2671 3529 3008 3637 gloriam
3036 3550 3288 3636 regno
3319 3547 3647 3635 possent
3675 3530 3941 3638 acqui-

1163 3691 1335 3744 rere
1361 3725 1380 3762 ,
1418 3665 1869 3774 juramento
1925 3684 2201 3745 mutuo
2244 3694 2326 3745 se
2372 3669 2919 3746 astrinxerunt
2961 3662 3183 3775 quod
3225 3682 3507 3745 contra
3550 3693 3943 3773 quoscun-

1162 3829 1314 3909 que
1369 3800 1841 3908 alienigenas
1900 3802 2100 3880 vires
2141 3805 2696 3911 experirentur
2737 3801 3096 3899 bellicas3
3124 3782 3223 3882 'et
3252 3800 3406 3879 hoc
3443 3827 3629 3907 erga
3671 3826 3938 3906 regern

1155 3922 1471 4018 'vallidis
1514 3940 2137 4047 impetraverunt
2175 3940 2569 4048 precibus,
2603 3940 2704 4019 Et
2741 3916 3009 4018 revera
3039 3966 3206 4018 non
3230 3938 3401 4019 sine
3430 3934 3895 4016 difficultate
3918 3999 3935 4031 ,

1166 4077 1523 4155 omnium
1545 4078 2302 4185 circumspectorum
2322 4074 2656 4186 judicio,
2676 4076 2883 4155 ultra
2900 4078 3107 4155 vires
3126 4103 3328 4183 opus
3347 4071 3673 4183 aggredi
3700 4091 3939 4181 temp·

1166 4210 1480 4310 tabant,
1515 4240 1697 4292 cum
1734 4211 1835 4295 de
1865 4211 2279 4319 Sampiaco
2323 4214 2655 4322 pusillus
2688 4230 2769 4294 et
2800 4214 3063 4305 tenuis
3103 4210 3613 4323 ejusdemque
3641 4228 3937 4291 stature

1163 4346 1737 4435 Boussicaudus
1759 4411 1779 4448 ,
1829 4346 1966 4429 sed
2007 4352 2391 4433 membris
2441 4351 2986 4434 sollidioribus
3024 4368 3485 4458 compactus
3524 4349 3935 4445 existeret,

1165 4505 1244 4567 et
1274 4483 1784 4594 Reginaldus‚
1816 4486 2355 4571 mediocribus
2399 4491 2714 4588 similis,
2760 4490 2933 4568 aliis
2964 4488 3218 4568 solum
3260 4486 3607 4596 agilitate
3646 4486 3937 4596 precel-

1169 4624 1397 4721 leret3
1432 4641 1513 4704 et
1555 4621 1737 4705 ideo
1779 4627 2265 4705 monuerunt
2308 4644 2401 4706 ut
2435 4628 2991 4736 resipiscerent
3033 4622 3135 4703 ab
3166 4624 3526 4731 inceptis.
3573 4620 3815 4724 Quod
3858 4642 3937 4702 et

1165 4759 1421 4841 facere
1479 4777 1943 4841 recusarunt
1966 4816 1986 4857 ‚
2045 4763 2451 4870 responsis
2506 4791 2817 4873 semper
2873 4760 3255 4849 addentes
3304 4790 3321 4838 :
3383 4793 3423 4834 <t
3474 4758 3577 4840 Et
3632 4762 3937 4868 exiguis
