4666 6014
1172 752 1312 824 556
1627 737 2306 815 CHRONICORUM
2359 735 2713 810 KAROLI
2764 733 3047 812 SEXTI
3097 735 3273 807 LIB.
3329 734 3470 807 lX.

1169 893 1639 1003 procreatis,
1675 918 1973 969 summe
2014 889 2505 969 auctoritatis
2558 889 2884 966 comites
2925 902 3005 964 et
3042 883 3383 963 barones
3424 885 3510 961 in
3549 883 3939 992 palacium

1170 1025 1839 1137 archiepiscopale
1886 1044 2208 1123 coeunt3
2243 1026 2514 1136 ibique
2554 1021 2760 1103 dixit
2791 1021 2892 1102 ad
2926 1018 3409 1101 firmandum
3452 1047 3721 1100 rerum
3767 1049 3943 1128 pre-

1164 1170 1517 1248 sencium
1545 1182 1837 1264 statum
1863 1191 1995 1242 eos
2023 1190 2380 1242 evocasse
2400 1224 2418 1260 ,
2462 1179 2551 1240 ut
2579 1159 2728 1240 sub
2755 1157 3030 1242 debito
3061 1156 3461 1239 fidelitatis
3489 1158 3940 1266 juramento

1164 1322 1442 1384 mutuo
1483 1300 2015 1381 deliberarent
2059 1299 2397 1411 qualiter
2434 1300 2660 1406 regni
2701 1294 2950 1376 ardua
2993 1324 3176 1375 cum
3220 1292 3617 1413 industrio
3669 1294 3941 1380 mode-

1166 1443 1468 1519 ramine
1500 1436 1871 1544 deinceps
1903 1453 2391 1543 regerentur,
2435 1452 2524 1513 ut
2554 1451 2827 1544 optata
2870 1427 3451 1544 transquilitate
3491 1432 3715 1541 plebs
3758 1463 3943 1542 gau-

1166 1576 1424 1673 deret,
1460 1594 1539 1655 et
1580 1575 1904 1681 negocia
1948 1571 2265 1679 publica
2310 1599 2699 1679 prospero
2742 1557 2975 1651 cursu
3019 1567 3566 1679 procederent.
3604 1571 3700 1648 In
3738 1567 3941 1654 co‘n-

1166 1714 1485 1793 sistorio
1526 1712 1660 1802 illo
1701 1739 1798 1789 ex
1843 1709 2365 1816 ecclesiastico
2406 1705 2691 1786 ordine
2741 1706 3108 1786 nonnulli
3148 1706 3569 1788 eminentis
3608 1708 3944 1787 sciencie

1166 1852 1639 1945 intererant3
1677 1826 1878 1958 quos
1905 1872 2180 1926 omnes
2211 1842 2681 1940 ¹venerabilis
2707 1840 3129 1922 cardinalis
3169 1840 3718 1944 Laudunensis
3741 1861 3946 1924 etate

1166 2016 1255 2066 ac
1286 1984 1673 2094 dignitate
1701 1981 2174 2092 precedebat
2193 2043 2212 2078 ,
2238 1983 2361 2060 vir
2386 1982 2659 2088 utique
2689 2007 2785 2059 ex
2811 1979 2973 2058 alto
3002 1980 3386 2088 sanguine
3415 1978 3944 2060 Alvernorum

1165 2141 1243 2204 et
1288 2123 1689 2229 generosis
1734 2120 2049 2228 proavis
2099 2118 2421 2197 trahens
2476 2117 2908 2223 originem,
2964 2114 3369 2224 probitate
3420 2118 3892 2224 conspicuus
3921 2176 3941 2213 ,

1165 2260 1418 2339 clarus
1458 2254 1860 2354 facundia,
1917 2247 2062 2334 nec
2099 2253 2345 2334 dubie
2384 2251 2569 2332 fidei
2617 2279 2803 2360 erga
2827 2255 3146 2361 regem,
3196 2269 3287 2331 ut
3334 2250 3645 2330 consilii
3686 2253 3943 2330 exitus

1165 2393 1739 2503 comprobavit.
1798 2394 2005 2472 Nam
2041 2420 2223 2471 cum
2261 2393 2465 2470 inter
2503 2390 2947 2472 assistentes
2976 2450 2995 2487 ,
3038 2388 3129 2468 ut
3156 2384 3634 2469 ordinatum'
3662 2386 3939 2483 fuerat,

1165 2532 1637 2611 obtinuisset
1665 2532 2018 2638 primum
2061 2528 2392 2609 verbum
2429 2557 2445 2604 ε

1238 2670 1319 2743 ἐ(
1361 2665 1783 2777 Optarem,
1842 2669 2140 2777 inquit,
2212 2666 2564 2773 insignes
2632 2665 3070 2778 principes,
3133 2667 3282 2744 hac
3344 2667 3429 2743 in
3486 2680 3713 2771 parte
3767 2690 3942 2744 ver—

1168 2841 1205 2879 «
1247 2807 1537 2886 borum
1573 2803 1810 2883 talem
1846 2803 2090 2882 michi
2126 2800 2577 2881 Tullianam
2594 2828 2880 2880 -venam
2910 2799 3317 2909 obtigisse,
3347 2816 3438 2879 ut
3466 2817 3942 2907 conceptum

1168 2975 1204 3013 «
1246 2968 1545 3038 meum,
1602 2938 1853 3051 qualis
1897 2956 2017 3021 est
2039 2913 2081 3036 ,ι
2119 2939 2201 3016 in
2250 2955 2553 3018 vestros
2609 2939 2921 3018 animos
2975 2935 3245 3025 fando,
3275 2934 3944 3019 transfunderem.

1169 3112 1205 3151 «
1242 3078 1603 3185 Tangam
1647 3076 2349 3189 tamen-honorem
2393 3076 2599 3183 regis
2627 3092 2709 3154 et
2752 3075 3019 3182 regni,
3054 3102 3348 3183 rogans
3375 3091 3470 3154 ut
3495 3071 3716 3185 quod
3759 3072 3942 3153 stilo

1170 3247 1205 3286 t<
1246 3200 1614 3293 deffuerit
1633 3276 1652 3312 ,
1706 3231 1966 3293 vestro
1996 3213 2457 3320 suppleatur
2495 3211 2919 3291 intellectu.
2965 3208 3213 3290 Omni
3236 3308 3244 3318 ,
3264 3198 3780 3319 ambiguitate
3821 3239 3940 3291 se-

1165 3328 1201 3427 (ὲ
1243 3370 1493 3451 mota,
1543 3351 1692 3431 sub
1759 3352 2250 3431 correctione
2298 3347 2802 3430 audiencium
2828 3412 2848 3449 ,
2895 3348 3294 3431 laudanda
3362 3368 3550 3465 sunt
3611 3350 3942 3431 consilia

1165 3523 1201 3560 ι(
1244 3516 1399 3599 que
1454 3517 1634 3567 cum
1688 3487 2004 3600 publica
2065 3487 2404 3567 utilitate
2457 3505 2986 3585 concurrunt:
3019 3516 3177 3599 que
3238 3485 3558 3597 quidem
3618 3486 3945 3567 cuilibet

1167 3659 1203 3697 «
1242 3625 1777 3732 hystoriarum
1839 3627 2120 3704 seriem
2175 3627 2703 3731 perscrutanti
2749 3624 3114 3736 ¹quamvis
3165 3623 3433 3704 multis
3479 3621 3745 3722 ,modis
3800 3652 3941 3731 pa-

1165 3795 1202 3833 «
1242 3777 1462 3841 teant
1491 3759 2041 3871 prosequenda
2063 3822 2081 3858 ,
2119 3761 2529 3868 potissime
2563 3777 2824 3839 tamen
2859 3777 2950 3841 ut
2983 3760 3398 3840 conveniat
3422 3759 3942 3870 obsequiosus

1163 3930 1201 3969 «
1244 3897 1586 4004 populus
1644 3927 1825 3978 cum
1877 3898 2095 3976 bono
2147 3897 2511 4005 principe
2562 3898 2712 3975 rite
2760 3899 3015 4004 patrie
3057 3894 3600 3975 moderamina
3664 3893 3938 4005 dispo·-
4069 3959 4074 3965 .

1165 4066 1201 4105 «
1244 4052 1503 4113 nente.
1573 4033 1769 4121 Inde
1809 4037 2070 4143 gracie
2113 4034 2428 4141 publice
2475 4034 2861 4142 processit
2919 4060 3221 4114 summa
3247 4032 3679 4141 perfectio.
3737 4034 3941 4113 Nam

1165 4198 1203 4239 κ
1242 4169 1333 4246 u't
1381 4151 1697 4276 imperii
1737 4173 1999 4253 omnis
2044 4172 2161 4250 vis
2202 4172 2287 4249 in
2333 4167 2843 4250 subditorum
2884 4168 3348 4258 obediencia
3387 4172 3751 4251 consistit
3769 4232 3789 4269 ,
3829 4172 3940 4251 sic

1165 4337 1203 4377 <c
1245 4321 1347 4384 et*
1376 4308 1512 4416 qui
1573 4308 1683 4390 eis
1736 4325 2069 4416 presunt
2120 4314 2433 4397 summo
2486 4306 2754 4391 studio
2805 4307 3215 4414 invigilare
3265 4323 3639 4386 tenentur
3687 4323 3778 4385 ut
3835 4304 3937 4385 ab

1166 4476 1202 4514 ιε
1244 4445 1877 4552 opprimencium
1958 4445 2298 4549 protecti
2377 4441 2827 4524 incursibus
2889 4472 3069 4524 cum
3140 4442 3608 4557 exuberanti
3682 4441 3936 4521 leticia

1164 4610 1199 4649 «
1238 4581 1645 4687 quiescant
1726 4583 1811 4659 in
1891 4578 2488 4689 pulchritudine
2554 4583 2811 4689 pacis,
2887 4574 3436 4664 tabernaculis
3472 4560 3767 4659 'fiducie
3860 4597 3939 4657 et

1162 4751 1201 4792 α
1243 4719 1512 4825 requie
1544 4717 2102 4825 temporalium
2144 4717 2542 4825 opulenta.
2596 4719 2853 4833 thue
2892 4717 2994 4799 de
3031 4718 3316 4798 litteris
3355 4718 3598 4796 sacris
3637 4711 3940 4824 aliquid

1163 4888 1201 4928 ι(
1244 4851 1476 4935 dictis
1525 4858 1999 4937 immisceam
2033 4885 2051 4934 ε
2085 4857 2266 4937 Hoc
2295 4858 2703 4937 attendens
2723 4859 3078 4966 populus
3115 4854 3601 4936 Hebreorum
3646 4844 3941 4969 instanf
