4666 6014
1152 677 1293 747 538
1610 668 2289 745 CHRONICORUM
2340 671 2697 747 KAROLI
2747 673 3033 746 SEXTI
3080 669 3259 746 LIB.
3314 671 3451 745 lx.

1153 853 1189 895 ι(
1229 822 1400 917 liri,
1457 816 1560 932 a'd
1620 816 2257 929 persequendum
2311 821 2679 903 eumdem
2701 885 2720 922 ‚
2781 820 3002 935 quod
3045 819 3315 901 resera
3374 820 3927 931 indignacioni

1151 991 1188 1031 ‹<
1225 974 1490 1037 vestre
1511 983 1794 1035 censeo
1828 957 2440 1065 preponendum
2463 1023 2482 1060 ‚
2536 952 2882 1041 vobis'et
2905 977 3169 1040 vestro
3209 962 3593 1040 exercitui
3626 961 3925 1069 oppida

1151 1128 1187 1168 «
1228 1122 1432 1190 mea,
1461 1092 1946 1172 frumentum
1982 1114 2061 1174 et
2093 1123 2329 1174 omne
2366 1126 2612 1204 genus
2654 1098 3021 1208 obsequii
3061 1114 3440 1204 prompto
3487 1099 3757 1177 animo
3801 1097 3923 1178 of-

1152 1264 1190 1302 «
1227 1228 1402 1308 fero
1420 1290 1439 1327 ‚
1467 1227 1724 1309 donec
1747 1258 1890 1337 per
1905 1249 2246 1330 vestram
2278 1234 2655 1312 invictam
2679 1234 3134 1341 potenciam
3155 1233 3408 1312 valeat
3439 1233 3866 1313 humiliari.
3886 1268 3923 1307 ))

1198 1486 1204 1492 .
1261 1388 1596 1468 Comitis
1620 1392 1889 1468 oracio
1922 1419 2016 1469 eo
2034 1394 2346 1498 gracior
2379 1393 2682 1474 cunctis
2710 1393 2888 1491 fuit,
2920 1419 3083 1503 quo
3112 1391 3219 1471 ab
3251 1393 3613 1473 omnium
3637 1420 3779 1499 spe
3811 1421 3929 1471 re-

1149 1526 1458 1604 mocior
1486 1524 1767 1622 fuerat3
1794 1544 1874 1604 et
1898 1524 2082 1605 ideo
2111 1555 2249 1606 rex
2282 1531 2655 1608 comitem
2683 1532 2890 1608 comi
2919 1529 3189 1608 fronte
3203 1528 3664 1636 suscipiens,
3686 1545 3767 1607 et
3785 1556 3925 1608 an-

1149 1690 1403 1743 nuens
1427 1660 1648 1772 quod
1677 1662 1996 1769 petebat
2014 1725 2032 1760 ,
2062 1663 2499 1744 affabiliter
2520 1683 2826 1744 ortatus
2858 1682 2978 1746 est
3012 1682 3102 1744 ut
3132 1667 3218 1744 in
3252 1665 3675 1772 proposito
3698 1662 3926 1745 dein-

1147 1790 1350 1906 ceps'
1385 1816 1970 1908 perseveraret3
2030 1799 2380 1913 indeque
2433 1800 2672 1881 donis
2726 1801 3189 1912 ingentibus
3247 1801 3597 1880 amicicia
3657 1820 3932 1881 mutua

1148 1933 1511 2014 sollidata
1532 1997 1550 2033 ,
1582 1953 2016 2048 mutuoque
2057 1937 2224 2018 vale
2254 1937 2472 2018 dicto
2493 2000 2511 2033 ,
2554 1935 2921 2018 eumdem
2948 1936 3050 2016 ad
3076 1954 3342 2044 partes
3373 1965 3555 2016 suas
3589 1938 3927 2033 remisit,

1148 2067 1312 2151 filio
1333 2088 1477 2156 suo
1497 2074 1827 2184 parvulo
1855 2102 2121 2154 secum
2143 2075 2575 2185 insignum
2596 2072 3046 2155 dilectionis
3077 2090 3411 2156 retento,
3439 2073 3929 2153 Gallicorum

1147 2237 1244 2287 ex
1275 2226 1467 2292 tunc
1495 2213 1898 2319 generosis
1932 2211 2351 2296 conatibus
2382 2211 2614 2294 affuit
2642 2211 3003 2304 fortuna,
3037 2228 3117 2289 et
3144 2209 3387 2292 rebus
3425 2237 3667 2317 supra
3707 2237 3929 2316 spem

1146 2371 1541 2455 supraque
1594 2344 1834 2428 fidem
1882 2376 2264 2457 prospere
2304 2346 2919 2430 succedentibus
2946 2406 2966 2442 ‚
3014 2346 3324 2455 ingenti
3368 2344 3628 2426 leticia
3686 2341 3927 2426 corda

1149 2481 1511 2572 omnium
1560 2482 1916 2590 replevit.
1960 2484 2167 2563 Nam
2217 2485 2547 2565 minime
2582 2482 3053 2592 sperabatur
3099 2481 3446 2564 Gallicos
3487 2508 3721 2589 posse
3756 2482 3928 2560 istis

1145 2618 1646 2726 temporibus
1689 2619 2042 2698 liliorum
2090 2618 2610 2726 flagranciam
2657 2617 3115 2700 dulcifluam
3164 2617 3572 2725 hucusque
3624 2614 3929 2696 diffun-

1149 2750 1336 2832 dere
1381 2754 1553 2833 sine
1591 2771 1852 2859 strage
1890 2782 1907 2829 z
1948 2752 2054 2831 ad
2089 2751 2312 2864 quod
2340 2815 2360 2850 ,
2395 2772 2486 2832 ut
2524 2754 2762 2861 vulgo
2812 2754 3337 2850 referebatur,
3393 2752 3754 2834 Alemani
3798 2751 3925 2832 di-

1146 2890 1532 2967 cebantur
1570 2888 1819 2967 multa
1853 2889 2073 2968 milia
2119 2889 2541 2968 hominum
2575 2918 3118 2997 congregasse.
3159 2889 3367 2968 Vera
3406 2907 3672 2968 tamen
3712 2890 3923 2998 vulgi

1146 3022 1434 3105 relacio
1463 3051 1634 3104 non
1675 3052 2050 3132 pavorem
2093 3026 2475 3105 exercitui
2524 3025 2662 3106 sed
2709 3024 3120 3106 audaciam
3150 3007 3509 3123 inducit,⁴
3535 3044 3615 3105 et
3644 3025 3929 3105 arden-

1145 3161 1362 3241 tibus
1387 3162 1674 3240 animis
1706 3189 1981 3269 omnes
2005 3160 2337 3241 ulterius
2362 3160 2568 3239 ultra
2609 3159 2988 3270 progredi
3019 3162 3435 3271 pecierunt
3464 3157 3566 3239 ad
3594 3164 3926 3240 strenui·

1148 3299 1333 3378 tatis
1388 3296 1706 3377 titulum
1752 3296 2362 3409 acquirendum.'
2392 3297 2632 3401 Quod
2672 3295 3169 3379 attendentes
3200 3298 3460 3379 incole
3492 3296 3927 3381 circumad-
4000 3378 4002 3381 ,

1138 3435 1473 3543 jacentis
1507 3434 1812 3543 patrie,
1845 3462 1993 3515 nec
2032 3435 2437 3515 immerito
2473 3437 2843 3517 timentes
2863 3495 2887 3532 ,
2930 3435 3231 3542 legatos
3271 3435 3646 3543 pacificos
3684 3437 3920 3517 mise-

1144 3589 1368 3667 runt;
1407 3589 1490 3651 et
1526 3556 1905 3679 eligentes
1935 3570 2565 3657 benivolenciam
2603 3574 2821 3680 regis
2857 3573 3140 3680 pocius
3186 3599 3427 3680 quan
3471 3572 3922 3678 potenciam

1143 3708 1490 3816 experiri
1508 3704 1805 3805 ,eidem
1822 3735 2059 3787 omne
2082 3734 2330 3816 genus
2350 3708 2714 3820 obsequii
2730 3725 3112 3817 prompto
3135 3707 3405 3786 animo
3429 3706 3917 3787 obtulerunt.

1144 3843 1458 3926 Deinde
1481 3845 1712 3925 multi
1743 3846 2093 3953 insignes
2137 3846 2427 3927 milites
2463 3865 2543 3926 et
2573 3860 2939 3956 potentes
2971 3845 3423 3953 exemplum
3455 3843 3709 3922 simile
3737 3859 3923 3922 sunt

1146 3983 1482 4091 sequuti.
1504 3983 1605 4061 Et
1635 3980 1852 4093 quod
1871 3981 2432 4091 acceptabilius
2459 3985 2627 4090 regi
2646 3982 2834 4079 fuit,
2863 3980 3201 4088 insignis
3230 3977 3559 4059 domina
3593 3979 3925 4063 munici-

1142 4120 1260 4228 pii
1295 4120 1612 4198 Amoris
1641 4181 1660 4216 ‚
1695 4136 1916 4198 casto
1949 4146 2221 4199 amore
2247 4149 2656 4217 succensa,
2700 4116 2801 4198 ad
2834 4145 3015 4201 eum
3045 4116 3571 4225 personaliter
3598 4118 3921 4194 accessit
3999 4102 4005 4109 ⁴

1142 4256 1229 4337 in
1263 4253 1524 4343 nobili
1559 4273 1984 4364 apparatu;
2015 4272 2093 4335 et
2126 4284 2306 4335 cum
2338 4257 2491 4364 ipsi
2524 4274 2605 4338 et
2635 4256 2797 4336 suis
2830 4252 3272 4335 illustribus
3308 4253 3672 4362 preciosa
3699 4248 3920 4371 joca-

1139 4393 1245 4472 lia
1287 4391 1751 4481 contulisset
1767 4453 1792 4491 ‚r
1823 4419 2062 4505 seque
2083 4409 2163 4472 et
2184 4394 2530 4504 patriam
2550 4402 2774 4474 suam
2797 4389 3133 4472 dulciter
3165 4386 3912 4487 recommendasset,

1141 4528 1301 4610 fide
1325 4527 1587 4615 media
1615 4530 1988 4640 promisit
2007 4527 2224 4640 quod
2245 4590 2272 4628 ,
2297 4528 2687 4640 quamdiu
2712 4530 2795 4609 in
2822 4546 3035 4607 terra
3068 4527 3341 4608 hostili
3370 4540 3910 4611 remanerent,

1137 4666 1652 4776 publicorum
1678 4658 2337 4747 odmmerciorum
2354 4729 2379 4765 ‚
2408 4666 2869 4753 victualium
2893 4692 3214 4776 quoque
3242 4664 3587 4773 graciam
3605 4722 3630 4760 ,
3658 4677 3750 4743 ut
3777 4687 3913 4768 pa-

1139 4821 1437 4887 teretur
1465 4802 1794 4885 facul-tas
1813 4863 1834 4902 ‚
1860 4786 2030 4883 nbn
2057 4824 2410 4911 negaret.
