4666 6014
1087 665 1225 741 ⁴84
1561 661 2242 738 cunomconum
2292 662 2647 738 KARou
2696 615 2983 739 sEx'rl
3032 667 3208 740 Lm.
3264 665 3391 741 111.

1085 851 1122 888 «
1158 817 1650 897 contrarium
1679 818 2066 914 evenerit,
2104 844 2270 895 non
2302 819 2596 896 virtute
2617 877 2637 915 ,
2673 814 2810 897 sed
2844 815 3182 925 perfidia
3226 837 3305 898 et
3342 816 3654 899 insidiis
3688 846 3863 929 ges·-

1086 987 1121 1023 «
1160 970 1333 1030 tum
1362 978 1550 1030 esse.
1579 951 1682 1030 Et
1700 952 1766 1030 si
1786 979 1965 1030 vera
1998 955 2276 1059 pocius
2301 951 2635 1032 audeam
2656 953 2878 1064 loqui
2907 981 3148 1063 quam
3171 958 3530 1063 speciosa
3559 955 3861 1056 auditu,

1083 1123 1119 1159 <c
1161 1084 1404 1165 ardor
1456 1084 1734 1166 tuendi
1793 1087 2220 1168 stultorum
2282 1090 2809 1169 temeritatem
2859 1087 3235 1169 audacem
3290 1090 3392 1170 ad
3444 1121 3662 1172 arma
3722 1122 3863 1174 vos

1080 1259 1114 1296 «
1153 1225 1454 1303 incitat.
1476 1221 1630 1304 Sed
1652 1252 1851 1332 rogo
1876 1225 2321 1306 edisseratis
2340 1225 2747 1339 quomodo
2768 1225 3028 1307 claudi
3054 1245 3437 1337 poterunt
3460 1227 3679 1308 bono
3704 1230 3861 1310 fine

1079 1395 1114 1432 «
1147 1388 1302 1472 que
1348 1360 1557 1439 malo
1604 1380 1683 1439 et
1730 1357 2173 1442 detestabili
2206 1362 2536 1443 fuerunt
2567 1362 2941 1442 inchoata
2972 1363 3406 1471 principio.
3453 1363 3547 1443 In
3572 1383 3862 1445 statera

1077 1533 1111 1570 «
1148 1499 1394 1605 igitur
1432 1499 1776 1577 racionis
1816 1499 2077 1578 lances
2121 1519 2332 1579 recte
2372 1497 3040 1580 consideracionis
3083 1499 3545 1608 appendens
3571 1560 3590 1598 ,
3638 1530 3860 1582 mens

1074 1669 1109 1705 «
1149 1634 1543 1741 suggerit,
1586 1651 2010 1743 antequam
2059 1633 2408 1714 Gallicos
2451 1633 2639 1714 inde
2682 1636 3210 1715 sustineamus
3250 1635 3606 1716 offensos
3626 1698 3644 1734 ,
3687 1638 3858 1745 pla-

1072 1805 1108 1842 «
1147 1797 1412 1848 cemus
1446 1768 1864 1849 dominum
1888 1787 2256 1850 nostrum
2284 1799 2585 1879 regem,
2620 1773 2750 1850 cui
2776 1769 3325 1851 contradicere
3364 1772 3479 1852 fas
3513 1801 3683 1854 non
3705 1793 3858 1872 est,

1074 1941 1109 1978 «
1145 1903 1243 1983 ad
1274 1923 1677 2015 patentem
1709 1923 1789 1984 et
1818 1924 2276 2013 promptam
2306 1907 2614 1985 cunctis
2639 1906 2808 2015 ejus
2837 1905 3349 1985 clemenciam
3370 1905 3850 2003 accedentes,

1073 2076 1107 2114 ‹<
1151 2058 1240 2126 ut
1281 2042 1673 2148 possimus
1704 2042 1961 2119 errori
1995 2043 2401 2120 communi
2439 2041 2766 2149 publico
2794 2043 2818 2085 ¹
2864 2042 3179 2121 veniam
3213 2041 3667 2150 implorare.
3700 2077 3740 2118 ³>

1187 2177 1443 2285 Hujus
1491 2178 1687 2257 boni
1734 2177 2026 2257 multos
2070 2178 2280 2256 inter
2311 2194 2816 2256 contumaces
2848 2205 3015 2256 non
3055 2177 3638 2286 valuitvoraci03
3674 2176 3851 2279 sed,

1067 2315 1292 2425 quasi
1336 2342 1604 2423 regem
1641 2331 1724 2392 et
1770 2342 2108 2421 regnum
2140 2312 2473 2391 Francie
2515 2312 2861 2391 exaltare
2908 2313 3210 2391 crimen
3260 2330 3461 2392 esset
3501 2315 3856 2423 inexpia—

1069 2450 1260 2544 bile,
1309 2450 1494 2529 ilico
1537 2451 1714 2528 neci
1745 2446 2021 2546 datur;
2058 2449 2485 2559 multisque
2518 2445 2704 2525 inde
2734 2445 3016 2526 diebus
3047 2445 3150 2526 ad
3188 2463 3622 2527 mercatum
3660 2476 3852 2528 con-

1067 2588 1468 2664 venientes
1503 2587 1784 2664 armati
1807 2645 1825 2680 ,
1874 2582 1974 2663 ad
2022 2585 2299 2692 pejora
2332 2611 2416 2663 se
2446 2582 2727 2691 procul
2762 2581 3015 2662 dubio
3046 2585 3657 2683 convertissent,
3700 2584 3852 2663 nisi

1067 2720 1481 2830 Philippus
1510 2748 1790 2799 eorum
1821 2721 2284 2829 capitaneus
2315 2718 2774 2798 obstitisset.
2806 2718 2880 2797 Is
2912 2721 3269 2828 quamvis
3307 2736 3509 2798 esset
3548 2736 3852 2799 statura

1063 2856 1393 2963 pusillus
1418 2918 1435 2953 ,
1502 2876 1583 2935 et
1638 2874 2029 2966 quantum
2090 2853 2192 2934 ad
2259 2855 2736 2946 exteriorem
2802 2854 3207 2932 hominem
3271 2861 3637 2962 persona'
3679 2882 3847 2934 non

1066 2993 1404 3075 multum
1434 2992 1752 3101 placens
1774 3055 1793 3090 ,
1832 2971 2095 3070 tamen

1706 3173 1933 3263 Mey'or
1962 3178 2028 3238 in
2064 3175 2308 3261 exiguo
2343 3171 2665 3263 regnabat
2690 3194 2946 3262 empore
2980 3175 3197 3238 vit-tus.

1063 3335 1374 3413 Vivacis
1438 3335 1676 3421 enim:
1726 3335 2029 3440 ingenii
2105 3351 2314 3430 erat,
2387 3351 2468 3413 et
2526 3332 2838 3412 oculum
2904 3333 3209 3411 habens
3268 3335 3841 3445 perspicacem3

1061 3498 1241 3549 cum
1290 3470 1444 3549 hoc
1479 3487 1797 3577 gratum
1837 3487 1916 3547 et
1956 3488 2243 3577 sponte
2290 3468 2544 3549 fluens
2586 3470 2657 3547 ei
2704 3496 2873 3547 non
2928 3466 3201 3547 deerat
3238 3467 3668 3578 eloquium.
3728 3467 3849 3546 Ad

1061 3603 1751 3713 comprimendum
1782 3607 2028 3712 igitur
2059 3605 2485 3685 tumultiun
2527 3605 2996 3714 popularem
3025 3619 3350 3683 vocatus
3371 3663 3390 3700 ,
3432 3604 3594 3681 cito
3626 3626 3841 3681 acce-

1061 3740 1257 3820 dens
1287 3803 1305 3837 ,
1350 3770 1527 3819 cum
1569 3740 1986 3848 nutu'ejus
2033 3743 2380 3850 populus
2428 3742 3043 3851 conquievisset,
3100 3756 3180 3818 et
3221 3735 3322 3817 de
3367 3756 3528 3818 tam
3575 3738 3843 3817 subito

1061 3894 1285 3956 motu
1326 3905 1600 3956 omnes
1631 3876 1896 3956 verbis
1924 3877 2239 3957 lenibus
2281 3879 2801 3985 increpasset,
2846 3872 3135 3953 exinde
3168 3872 3416 3953 multa
3449 3873 3798 3953 inferens
3823 3938 3843 3971 ,

1056 4012 1402 4125 fedoque
1437 4015 1857 4122 proposito
1896 4014 2159 4095 velum
2195 4041 2425 4093 cause
2470 4012 2957 4091 honestioris
2999 4006 3482 4106 obtendenS,
3524 4006 3731 4088 dixit
3762 4038 3844 4089 se

1055 4180 1325 4231 amore
1371 4152 1626 4259 patrie
1676 4151 1830 4230 huc
1881 4151 2234 4232 celeriter
2266 4149 2713 4247 accessisse,
2751 4176 2917 4228 non
2946 4144 3285 4226 libidine
3325 4143 3840 4243 dominandi3

1056 4305 1484 4398 monetque
1526 4306 1617 4367 ut
1657 4304 1860 4367 esset
1907 4287 2168 4366 omnis
2202 4287 2263 4364 F
2269 4284 2581 4365 landria
2618 4312 2874 4399 unum
2905 4309 3232 4390 corpus,
3273 4285 3404 4363 cui
3438 4300 3631 4365 tunc
3670 4266 3841 4363 ter-

1056 4452 1325 4503 rarum
1387 4425 1586 4503 orbe
1642 4451 1789 4531 par
1831 4424 2161 4501 minime
2215 4424 2319 4502 sit
2386 4421 2770 4501 futurum.
2832 4417 3463 4499 Imbecillitatem
3521 4446 3840 4531 quoque

1053 4562 1547 4640 Francorum
1584 4560 1956 4638 oracione
1995 4557 2453 4665 deprimens
2494 4554 2907 4652 insolenti,
2946 4556 3280 4635 asseruit
3311 4572 3572 4635 tantas
3610 4554 3674 4631 F
3676 4552 3839 4633 lan-

1051 4698 1226 4776 drie
1270 4698 1472 4774 vires
1519 4722 1717 4791 esse,
1751 4711 1841 4773 ut
1882 4721 2050 4772 non
2093 4690 2338 4772 modo
2384 4689 2736 4800 dampna
2775 4690 3003 4790 belli,
3031 4692 3288 4770 eciam
3327 4707 3406 4768 et
3443 4690 3510 4767 si
3540 4686 3836 4796 pluries

1122 4887 1140 4911 ⁸
1184 4881 1256 4935 Le
1281 4888 1400 4935 mot
1417 4878 1641 4951 publico
1662 4894 1902 4953 manqne
1919 4875 2059 4933 dans
2079 4875 2133 4932 le
2154 4889 2218 4933 n⁰
2243 4874 2406 4952 5960,
2433 4875 2531 4932 fol.
2565 4874 2650 4942 46.
2681 4894 2728 4930 r.
