4666 6014
1062 704 1206 774 344
1558 696 2240 773 CHRONICORUM
2289 696 2646 772 KAROLI
2696 697 2979 772 SEXTI
3029 699 3205 774 LIB.
3261 699 3354 775 V.

1059 854 1271 933 ciosa
1334 877 1660 929 munera
1720 853 2358 931 transmiserunt.
2414 850 2516 929 Et
2569 849 2725 931 hoc
2788 851 3105 959 signum
3169 849 3847 934 evidentissimum
3930 917 3935 922 .

1055 993 1320 1068 future
1391 985 1821 1069 concordie
1890 989 2044 1068 viri
2123 988 2690 1098 presagiebant
2762 989 3338 1098 circumspecti.
3417 990 3849 1100 Regnicole

1062 1152 1335 1204 omnes
1374 1142 1452 1203 et
1490 1124 1783 1233 singuli
1833 1122 1918 1204 id
1969 1124 2411 1233 optabant3
2454 1144 2533 1206 et
2576 1154 2678 1205 ne
2720 1156 2765 1204 a
2810 1124 3208 1205 desiderio
3249 1125 3841 1225 fraudarentur,

1060 1263 1359 1373 ubique
1391 1260 1866 1372 sollempnes
1891 1265 2464 1371 processioneS‚
2499 1263 3023 1372 preeuntibus
3049 1264 3242 1344 viris
3269 1263 3806 1370 ecclesiasticis
3823 1327 3841 1363 ‚

1054 1401 1650 1512 frequentantes
1671 1461 1689 1496 ,
1755 1397 2061 1480 devotis
2132 1399 2504 1507 precibus
2553 1427 2783 1480 aures
2841 1398 3150 1481 divinas
3212 1418 3293 1479 et
3341 1400 3837 1481 celicolarum

1056 1537 1517 1648 pulsabant,
1555 1554 1643 1616 ut
1678 1534 1776 1615 ad
1815 1564 2088 1644 pacem
2120 1534 2368 1616 corda
2400 1534 2692 1618 ducum
2728 1535 3208 1646 dirigerent,
3241 1536 3379 1618 sed
3410 1540 3838 1636 incassum,
3910 1573 3926 1581 ·

1057 1678 1245 1788 quia
1292 1672 1394 1754 ad
1435 1674 1591 1753 hoc
1635 1670 2108 1780 indisposita
2157 1690 2473 1781 reperta
2528 1692 2740 1754 sunt.
2794 1672 3000 1754 Sane
3045 1702 3230 1754 cum
3285 1673 3485 1755 duos
3537 1703 3842 1758 menses

1056 1814 1533 1896 successivos
1599 1810 2278 1918 inpeticionibus
2326 1813 2778 1909 excessiviS,
2845 1813 3337 1919 enigmaticis
3391 1831 3471 1893 et
3525 1815 3840 1923 amphi-

1057 1951 1446 2060 bologicis
1502 1948 1764 2028 verbis
1816 1947 2166 2056 Anglici‚
2214 1976 2447 2058 ,more
2484 1977 2640 2029 suo
2658 2012 2676 2047 ,
2730 1952 2816 2029 in
2867 1979 3161 2031 vanum
3219 1953 3837 2058 protraxissent,

1057 2087 1302 2169 nichil
1341 2086 1703 2167 utilitatis
1751 2083 2338 2167 concluserunt.
2391 2090 2574 2166 Dux
2619 2116 2810 2166 vero
2843 2086 3145 2167 Biturie
3176 2085 3490 2168 rediens
3538 2090 3837 2170 in'fecto

1057 2229 1389 2336 negocio
1420 2289 1439 2325 ,
1490 2253 1669 2305 cum
1730 2225 1898 2331 regi
1958 2222 2492 2325 valedixisset,
2548 2253 2738 2306 mox
2791 2222 2893 2306 ad
2949 2241 3215 2334 partes
3273 2226 3426 2306 sibi
3479 2225 3836 2334 subditas

1045 2365 1403 2464 secessit,
1447 2381 1534 2443 ut
1574 2379 2058 2471 pugnatores
2100 2379 2461 2471 tempore
2502 2359 2774 2471 preliis
2816 2379 3007 2471 apto
3052 2360 3454 2446 mitendos
3499 2393 3835 2476 congre-

1056 2520 1300 2611 garet.
