4666 6014
1097 700 1244 775 484
1535 693 2218 786 CHRONICQRUM
2265 690 2622 770 KAROH
2671 691 2959 768 SEXTI
2995 693 3174 768 Lm.
3216 692 3422 770 =v111.

1103 848 1306 926 riuis
1335 843 1549 926 cedit
1580 844 1988 926 littoribus
1997 881 2026 943 ·,
2059 863 2140 925 et
2170 842 2274 924 ad
2301 872 2571 952 regem
2599 869 2691 923 ac
2732 845 3158 952 optimates
3198 843 3574 957 speciales
3608 844 3882 922 nuncii

1100 986 1322 1074 ocius
1361 980 1891 1081 destinantur,
1942 984 2086 1094 qui¹
2118 980 2676 1091 prodicionem
2718 984 3154 1062 serietenus
3195 997 3642 1062 narrarent.
3680 980 3887 1059 Nus·

1101 1149 1342 1228 quam
1400 1120 1750 1229 benigne
1811 1118 2082 1199 audita
2145 1138 2263 1200 est
2322 1119 2674 1228 legaci03
2745 1149 3045 1232 rexque
3104 1119 3351 1201 lesam
3410 1121 3525 1199 sic
3582 1118 3885 1226 regiam

1100 1258 1592 1368 majestatem
1644 1259 1738 1338 in
1784 1269 2016 1337 suum
2071 1245 2542 1367 precipuum
2592 1259 2925 1338 militem
2946 1321 2968 1357 ,
3021 1259 3250 1367 regni
3307 1274 3845 1367 protectorem
3866 1316 3885 1350 ‚

1102 1397 1388 1476 merito
1422 1423 1614 1502 egre
1651 1393 1872 1491 tulit,
1871 1381 2127 1478 ducis
2157 1392 2551 1490 dementis
2585 1393 3050 1475 admirans
3026 1396 3459 1490 msaniam;
3503 1411 3584 1473 et
3627 1420 3888 1472 accer-

1101 1534 1273 1614 sitis
1324 1534 1648 1660 patruis
1689 1533 2073 1642 regnique
2125 1507 2633 1644 majoribuS‚
2678 1533 3077 1616 consuluit
3150 1531 3347 1646 quid
3411 1532 3624 1613 facto
3684 1560 3886 1640 opus

1102 1688 1325 1751 esset.
1359 1670 1524 1788 Qui
1559 1698 1833 1750 omnes
1867 1672 2356 1762 unanimiter
2390 1670 2727 1779 dignum
2759 1669 3163 1766 duxerunt
3193 1649 3712 1769 mittendum,
3748 1671 3890 1782 qui

1099 1809 1668 1910 libel-acionem
1702 1806 1979 1888 militis
2021 1805 2467 1917 insperatis
2485 1806 2801 1888 insidiis
2846 1825 2927 1888 et
2956 1806 3510 1892 fraudulenter
3542 1809 3886 1918 circum-

949 1966 956 1972 ’
1094 1947 1311 2025 venti
1369 1944 1888 2053 postularent.
1945 1942 2338 2028 Additum
2398 1964 2563 2025 θεῖ
2591 1948 2908 2026 nunciis
2976 1962 3067 2025 ut
3127 1944 3316 2024 duci
3378 1912 3891 2026 notificarent

1107 2100 1329 2162 tante
1366 2083 1832 2162 temeritatis
1879 2080 2310 2161 audaciam
2313 2079 2433 2162 ad
2484 2084 2691 2191 regis
2738 2083 3117 2190 injuriam
3159 2100 3658 2194 retorquere3
3707 2080 3888 2161 ideo

1106 2217 1503 2302 statuebat
1546 2235 1639 2308 ut
1687 2220 2194 2298 contenciosa
2242 2217 2589 2329 oppida
2595 2221 3068 2300 auctoritate
3120 2219 3336 2328 regia
3389 2237 3892 2300 servarentur

1107 2383 1357 2468 usque
1387 2372 1571 2463 post
1604 2351 2094 2441 decisionem
2105 2367 2349 2452 cause
2380 2357 2831 2467 utriusque3
2878 2383 3034 2468 que
3071 2357 3138 2435 si
3169 2355 3428 2435 facere
3460 2374 3892 2455 recusaret,

1023 2469 1030 2478 ’
1112 2493 1265 2600 ipsi
1307 2490 1520 2571 diem
1559 2490 1962 2601 purgandi
2001 2493 2308 2608 facinus
2346 2494 2431 2571 in
2457 2493 2959 2574 Pa'rlamento
2997 2465 3220 2603 regio
3256 2496 3776 2602 assignarent.

1220 2626 1690 2709 Mandatum
1723 2646 1987 2709 autem
2022 2627 2352 2709 audiens
2386 2627 2549 2712 dux
2593 2601 2946 2736 prefatus
2969 2691 2988 2726 ‚
3033 2631 3298 2737 primo
3338 2627 3643 2738 judicio
3685 2632 3893 2739 regis

1109 2783 1320 2845 stare
1381 2783 1462 2845 et
1516 2794 1976 2875 comparere
2037 2745 2564 2875 personaliter
2615 2771 2934 2876 negavit
2953 2829 2973 2865 ‚
3028 2769 3186 2847 nisi
3208 2769 3465 2877 -prius
3520 2767 3765 2848 eundi
3816 2788 3896 2850 et

1112 2900 1502 2988 redeundi
1543 2903 1758 2983 salvo
1812 2901 2215 2983 conductu
2265 2905 2688 3011 promisso.
2730 2903 3338 3011 Liberaci-onem
3377 2933 3567 2986 vero
3614 2933 3894 2985 cones-

1113 3039 1491 3119 tabularii
1528 3040 1825 3150 pluries
1868 3034 2342 3149 denegatam
2371 3043 2971 3125 circumstantes
3001 3042 3291 3123 milites
3320 3072 3606 3151 magne
3636 3062 3896 3123 aucto·

1115 3177 1374 3259 ritatis
1408 3178 1675 3269 multis
1698 3207 1787 3258 ac
1817 3176 2122 3291 vallidis
2153 3179 2521 3287 precibus
2546 3180 2960 3291 pecierunt
2982 3242 3001 3278 ,
3027 3197 3106 3259 et
3129 3177 3453 3260 tandem
3494 3185 3893 3292 assequuti

1113 3330 1323 3397 sunt.
1387 3314 1548 3393 Ubi
1609 3303 1814 3421 illud
1860 3316 2377 3396 memorabile
2400 3378 2419 3416 ‚
2444 3315 2689 3429 quod
2711 3379 2730 3417 ‚
2798 3322 2980 3396 cum
3046 3315 3354 3397 diucius
3412 3317 3853 3398 obstitisset
3875 3380 3893 3415 ,

1114 3452 1368 3530 victus
1400 3467 1666 3551 tamen
1700 3450 1806 3531 ad
1837 3448 2242 3552 ultimum,
2268 3454 2392 3541 vel
2430 3428 2706 3545 diiii-no
2746 3456 3137 3537 instinctu
3164 3454 3285 3534 vel
3322 3454 3669 3535 humana
3711 3483 3899 3534 con-

1112 3588 1444 3696 iectura,
1472 3606 1786 3679 tantum
1810 3592 2130 3703 cunctis
2136 3589 2649 3691 audientibus
2684 3588 2917 3690 dixit,
2956 3593 3177 3701 regio
3211 3619 3665 3703 quanquam
3698 3592 3898 3669 invi—

1117 3742 1245 3805 tus
1299 3725 1933 3859 obtemper-ando
1967 3722 2299 3817 edicto.
2346 3764 2383 3805 <c
2419 3720 2778 3827 Vincite,
2827 3730 3142 3842 inquit,
3189 3747 3270 3809 et
3316 3727 3690 3811 habetote
3740 3727 3897 3808 hoc

1123 3896 1161 3934 «
1202 3861 1735 3973 dampnosum
1804 3865 2187 3947 donum·
2170 3898 2187 3947 ε
2246 3866 2574 3977 predico
2641 3885 2904 3947 autem
2978 3867 3207 3948 vobis
3265 3867 3648 3979 quoniam
3716 3867 3897 3961 hie,

1125 4032 1163 4071 <c
1201 4026 1440 4110 quem
1477 4001 1776 4082 obnixe
1808 4002 2007 4083 adeo
2034 4005 2332 4087 salvum
2363 4005 2637 4103 vultiS,
2666 4005 2931 4103 vobiS,
2968 4005 3213 4084 michi
3254 4020 3332 4083 et
3356 4005 3615 4110 patrie
3638 4032 3890 4112 quan-

1124 4168 1161 4207 «
1204 4131 1467 4248 doque
1505 4140 1658 4219 erit
1687 4139 2105 4221 excidio.»
