4666 6014
1108 705 1248 774 482
1575 658 2256 765 cnRoNlcofflJM
2308 679 2664 765 KARom
2713 689 2997 764 sEx‘n
3047 695 3223 765 Lm.
3280 695 3403 768 111.

1051 939 1056 944 ,
1099 855 1227 926 tus
1248 911 1266 946 ‚
1315 872 1592 924 verens
1644 842 1891 920 eciam
1949 868 2050 918 ne
2103 832 2492 918 Flandrie·
2534 837 2907 948 perderet
2968 845 3430 924 comitatum
3452 908 3472 946 ‚
3532 851 3674 958 qui
3732 853 3885 933 sibi

1091 986 1272 1091 jure
1322 980 1631 1076 uxori3‚
1689 975 1849 1055 filie
1903 977 2217 1055 comitis
2274 974 2704 1100 Ludovici,
2748 994 2935 1085 post
2982 980 3151 1089 ejus
3208 982 3523 1061 obitum
3573 1012 3890 1097 compe-

1095 1119 1315 1198 tebat
1337 1179 1356 1214 ,
1401 1114 1542 1196 diu
1585 1116 2042 1223 importune
2084 1105 2409 1192 steterat
2460 1142 2646 1220 erga
2692 1142 3001 1222 regem,
3055 1133 3148 1194 ut
3187 1115 3374 1196 illuc
3415 1120 3887 1223 acceleraret

1093 1273 1172 1331 et
1217 1283 1318 1333 ne
1379 1281 1605 1382 mora
1672 1253 1890 1359 regia
1959 1251 2044 1329 in
2099 1251 2221 1330 sui
2281 1248 3333 1360 prejudiciumwerteretur.
3392 1254 3884 1372 Jamjamque

1090 1393 1259 1500 ejus
1290 1388 1549 1469 edicto
1581 1390 1972 1497 capitanei
2017 1381 2388 1497 parentes
2413 1448 2432 1483 ,
2466 1415 2706 1497 quam
2736 1388 3121 1468 maximas
3152 1409 3583 1499 potuerant
3612 1400 3884 1505 copias

1090 1526 1563 1605 bellatorum
1590 1542 1827 1635 atque
1861 1524 2132 1603 omnia
2161 1522 2371 1602 bello
2408 1540 2594 1630 apta
2638 1543 3115 1632 paraverant
3136 1588 3155 1623 ,
3197 1545 3277 1606 et
3320 1556 3563 1639 quam
3596 1551 3881 1640 potue-

1089 1678 1272 1738 rant
1315 1662 1736 1758 secreciuS,
1791 1677 1882 1737 ut
1931 1660 2043 1738 sic
2095 1659 2580 1766 inexpectati
2642 1657 3257 1765 ingrederentur
3297 1666 3664 1770 patriam.
3727 1667 3881 1748 Sed

1088 1813 1317 1874 erant
1354 1793 1682 1903 quidam
1723 1823 1820 1878 ex
1862 1794 2329 1900 Flamingis,
2365 1794 2542 1903 qui,
2577 1821 3038 1906 quanquam
3079 1799 3230 1876 sub
3269 1798 3537 1879 liliatis
3580 1804 3880 1884 vexillis

1089 1931 1527 2010 militarent
1548 1943 1572 2026 ,'
1626 1929 1968 2009 naturali
2014 1947 2278 2008 tamen
2320 1957 2593 2009 amore
2640 1932 2899 2037 patrie
2943 1934 3194 2039 capti,
3244 1952 3323 2012 et
3372 1937 3708 2043 originis
3741 1967 3881 2048 po-

1091 2068 1253 2145 cius
1310 2095 1554 2177 quam
1608 2066 1899 2145 milicie
1956 2094 2347 2144 memores
2384 2127 2402 2162 ‚
2450 2067 3003 2173 compatriotis
3057 2068 3584 2150 innotuerunt
3623 2101 3878 2182 appa-

1087 2219 1349 2280 ratum
1403 2202 1655 2312 qualis
1701 2218 1909 2298 erat,
1968 2218 2047 2280 et
2098 2199 2295 2312 quid
2354 2201 2640 2280 Gallici
2696 2199 3249 2284 intendebant.
3312 2204 3440 2285 Sic
3492 2210 3877 2292 cerciores

1081 2336 1341 2416 effecti
1383 2331 1775 2447 primores
1804 2398 1822 2434 ‚
1867 2363 2110 2446 penes
2146 2365 2351 2447 quos
2384 2323 2691 2415 summa
2730 2354 2901 2415 erat
2946 2342 3415 2440 auctoritaS,
3456 2346 3878 2426 consilium

1082 2476 1473 2571 inierunt3
1518 2491 1597 2552 et
1639 2471 1832 2552 dum
1875 2474 2108 2581 pauci
2150 2489 2437 2580 optant
2467 2469 2972 2551 dedicionem
3004 2473 3423 2575 humilem,
3471 2497 3562 2558 ut
3595 2480 3708 2560 sic
3741 2511 3878 2591 pa-

1080 2608 1299 2687 cifice
1330 2610 1687 2688 viverent
1707 2670 1726 2704 ,
1760 2608 1892 2687 alii
1935 2605 2440 2688 dedicionem
2479 2608 2941 2687 servitutem
2968 2611 3342 2691 miseram
3373 2632 3833 2722 reputantes
3854 2680 3873 2715 ,

1082 2747 1164 2822 in
1220 2731 1462 2824 armis
1518 2743 1871 2823 Gallicos
1929 2761 2350 2852 expectare
2373 2804 2394 2840 ,
2447 2743 2939 2855 honesteque
2991 2749 3274 2855 pocius
3329 2747 3690 2831 dicerent
3739 2755 3875 2833 eli-

1083 2878 1432 2986 gendum
1471 2882 1677 2960 mori
1717 2909 1871 2989 pro
1902 2881 2271 2960 libertate
2304 2880 2561 2988 patrie
2583 2942 2601 2978 ‚
2638 2899 2719 2961 et
2758 2883 3292 2994 neutrobique
3330 2887 3871 2969 assistencinm

1081 3019 1327 3097 animi
1373 3018 1975 3115 inclinarentur,
2010 3017 2341 3129 quidam
2374 3018 2803 3127 burgensis
2843 3047 3131 3127 magne
3165 3023 3634 3132 oppinionis
3665 3027 3873 3106 inter

1079 3181 1212 3232 eos
1254 3156 1341 3233 in
1373 3153 1580 3233 hanc
1610 3156 2096 3234 sentenciam
2120 3154 2373 3259 ‘verba
2403 3155 2597 3235 fecit
2632 3186 2648 3234 ε

1208 3325 1244 3363 <c
1284 3293 1614 3400 Preceps
1685 3292 2191 3401 impudencia
2254 3313 2373 3373 est
2396 3357 2417 3391 ‚
2489 3294 2755 3405 inquit
2786 3356 2804 3391 ‚
2893 3322 3042 3373 nos
3111 3293 3211 3372 ad
3285 3299 3449 3375 vim
3513 3317 3872 3405 apertam

1086 3461 1122 3499 «
1170 3422 1666 3507 inferendam
1732 3428 2064 3509 domino
2123 3431 2295 3537 regi
2363 3448 2679 3538 aptare,
2744 3457 2985 3541 quam
3038 3446 3154 3524 et,
3205 3431 3273 3508 si
3341 3431 3555 3509 ultro
3624 3433 3869 3512 offer-

1084 3598 1120 3637 «
1163 3581 1319 3660 ret,
1361 3582 1441 3642 et
1481 3565 1779 3675 absque
1822 3564 2054 3671 culpa
2101 3565 2360 3672 prima
2382 3566 2434 3660 ‚¹
2488 3584 2571 3643 at
2596 3566 2626 3608 ³
2676 3566 2954 3644 saltem
2993 3564 3470 3667 verecundia
3510 3595 3869 3649 recusare

1075 3734 1111 3771 c<
1152 3718 1604 3778 teneremur
1626 3762 1644 3798 ‚
1696 3700 2194 3780 attendentes
2240 3701 2621 3809 precipue
2663 3719 2744 3780 et
2793 3718 3154 3797 nostram
3203 3677 3693 3807 impericiam
3717 3765 3735 3800 ,
3787 3723 3867 3783 et

1075 3869 1112 3907 <c
1144 3832 1365 3947 quod
1395 3834 1680 3914 Gallici
1711 3836 1797 3915 in
1829 3837 2068 3916 rebus
2099 3837 2402 3919 bellicis
2429 3853 2614 3915 sunt
2639 3835 2943 3915 cunctis
2975 3835 3347 3942 gentibus
3383 3835 3861 3943 preferendi.

1071 4006 1108 4044 ‹<
1150 3970 1421 4051 Nostis
1467 3999 1743 4050 omnes
1784 3989 1863 4050 et
1903 3999 2138 4053 nemo
2188 3972 2422 4051 vobis
2465 3971 2742 4051 melius
2765 4031 2783 4068 ,
2827 3998 3069 4080 quam
3109 3969 3671 4077 periculosam,
3698 3974 3864 4082 jam

1068 4144 1104 4179 ι(
1149 4105 1416 4186 multis
1448 4109 1678 4187 annis
1706 4109 2029 4217 elapsiS,
2069 4107 2593 4188 Flandrenses
2627 4137 2811 4187 cum
2852 4107 3045 4213 ipsis
3078 4106 3366 4184 luctam
3402 4107 3857 4195 habuerint.

1069 4279 1104 4315 «
1141 4243 1729 4352 Experimentis
1792 4246 2294 4352 compertum
2365 4242 2677 4323 habetis
2747 4243 3128 4353 quociens
3201 4242 3313 4319 in'
3359 4243 3524 4320 acie
3594 4263 3862 4350 patres

1067 4415 1102 4452 <c
1146 4397 1445 4459 vestros
1475 4377 1833 4458 fuderint
1854 4441 1872 4475 ,
1907 4381 2291 4490 quociens
2321 4380 2501 4458 loco
2536 4395 2956 4486 parentum
2986 4376 3129 4455 filii
3172 4394 3454 4455 contra
3485 4406 3621 4457 eos
3652 4380 3858 4459 bella

1066 4551 1101 4587 <c
1137 4517 1681 4623 reparaverint
1706 4512 2087 4611 recidiva,
2122 4500 2592 4623 propulsare
2622 4516 3029 4623 cupientes
3064 4513 3437 4622 injurias3
3472 4529 3551 4592 et
3575 4541 3861 4593 eorum

1065 4691 1100 4727 ((
1141 4670 1546 4761 aspectum
1577 4652 1946 4731 tollerare
1984 4653 2548 4763 nequiverunt3
2585 4670 2664 4733 et
2693 4654 2760 4732 si
2789 4650 3029 4751 semel
3058 4630 3272 4760 apud
3301 4650 3857 4730 Conrtriacum

1134 4872 1146 4893 ¹
1187 4861 1325 4914 Var.
1351 4885 1363 4911 .-
1393 4866 1456 4915 n⁰
1482 4856 1650 4934 5960,
1681 4858 1774 4914 fol.
1805 4856 1869 4925 45
1897 4878 1944 4911 v.
1964 4900 1980 4928 ‚
2008 4863 2217 4929 previa.
2566 4865 2586 4888 2
2631 4860 2768 4914 Var.
2796 4882 2809 4909 .-
2834 4864 2895 4912 n⁰
2919 4856 3087 4931 5960,
3115 4857 3212 4912 fol.
3244 4856 3311 4923 45
3336 4874 3409 4923 v.,
3436 4855 3500 4910 id
3520 4854 3732 4911 saltem.
