4666 6014
1174 663 1318 734 652
1636 652 2317 726 cunomcomm
2369 651 2725 725 KARom
2750 650 3060 723 ‘sssxfn
3110 648 3286 722 Lm.
3344 648 3479 722 xl.
3546 615 3551 622 ’

1174 826 1253 887 et
1303 809 1472 884 Deo
1518 802 2102 910 beneplacitum
2150 802 2624 914 obsequium
2681 800 3126 912 exequendi
3173 800 3334 881 dux
3384 800 3951 882 Borboniensis

1175 939 1622 1020 Ludovicus
1654 940 1863 1047 regis
1902 939 2336 1019 avunculus
2366 958 2743 1047 prompte
2788 968 2871 1018 se
2913 938 3245 1035 obtulit,
3290 937 3598 1017 felicem
3642 966 3724 1017 se
3767 943 3952 1019 esti-

1176 1107 1441 1175 mans,
1480 1078 1541 1155 si
1579 1078 2122 1185 progenitoris
2154 1078 2277 1156 sui
2316 1077 2749 1156 beatissimi
2790 1074 3178 1155 Ludovici
3217 1103 3553 1187 sequens
3594 1079 3954 1186 vestigia,

1177 1216 1425 1293 eciam
1457 1214 1542 1290 in
1568 1212 1723 1291 hiis
1750 1212 2112 1321 partibus
2141 1242 2458 1293 cursum
2482 1242 2618 1293 sue
2646 1213 2936 1292 milicie
2964 1214 3452 1292 terminaret.
3487 1214 3958 1323 Exemplum

1177 1352 1346 1462 ejus
1378 1350 1689 1458 sequuti
1717 1377 2020 1429 summe
2049 1351 2544 1430 auctoritatis
2579 1352 2865 1430 milites
2895 1348 3372 1430 nominandi
3411 1350 3826 1460 Philippus
3859 1350 3959 1432 de

1179 1487 1602 1567 Attrabato
1629 1548 1647 1583 ,
1702 1514 1962 1567 comes
2001 1489 2204 1596 Augi
2233 1549 2253 1586 ,
2304 1486 2677 1567 dominus
2718 1487 3061 1567 Karolus
3117 1486 3515 1586 d’Albret,
3558 1515 3818 1567 comes
3858 1486 3960 1568 de

1179 1626 1633 1722 Haricuria‚
1678 1625 2000 1732 cognati
2038 1625 2247 1733 regis
2280 1628 2676 1733 germani,
2712 1623 3087 1704 dominus
3115 1623 3216 1705 de
3245 1625 3640 1705 Couciaco
3662 1687 3680 1722 ,
3713 1624 3961 1706 admi-

1179 1761 1420 1841 rallus
1480 1760 1813 1841 Francie
1867 1759 2242 1841 dominus
2296 1762 2700 1841 Johannes
2758 1759 2857 1839 de
2915 1761 3227 1840 Vienna
3279 1789 3369 1840 ac
3419 1761 3784 1840 nonnulli
3824 1762 3958 1840 alii

1185 1901 1652 1981 strenuitate
1707 1901 2158 2006 conspicui,
2200 1901 2464 2007 ipsum
2510 1897 2735 1977 flexis
2783 1898 3117 2006 genibus
3168 1915 3598 1978 oraverunt
3632 1915 3725 1977 ut
3780 1927 3958 1977 cum

1182 2039 1743 2148 prenominato
1775 2035 1975 2116 duce
2015 2037 2547 2116 mitterentur.
2927 2134 2931 2138 .
3254 2029 3259 2034 ’

1295 2174 1839 2254 Peticionibus
1896 2176 2140 2283 igitur
2181 2202 2323 2283 *rex
2386 2172 2721 2253 dulciter
2781 2176 3322 2285 acquiescenS,
3379 2176 3764 2254 avunculo
3812 2205 3957 2256 suo

1181 2331 1564 2426 tanquam
1622 2313 2092 2391 auctoritate
2152 2309 2631 2420 prepollenti
2700 2338 2867 2388 rem
2942 2311 3376 2408 commisit,
3436 2325 3526 2389 ut
3581 2312 3731 2391 sub
3791 2313 3960 2419 ejus

1184 2451 1454 2559 regula
1515 2448 1799 2531 ductus
1872 2451 2264 2528 exercitus
2324 2447 2748 2527 salubriter
2815 2467 3245 2555 regeretur.
3325 2448 3610 2560 Sicque
3672 2449 3958 2558 prefati

1180 2587 1419 2694 legati
1473 2614 1653 2665 cum
1712 2586 2159 2693 graciarum
2207 2586 2659 2664 actionibus
2712 2583 3134 2682 valedictO,
3189 2584 3621 2693 gaudentes
3669 2603 3748 2664 et
3786 2614 3959 2666 mu-

1183 2722 1511 2803 neribus
1558 2720 1791 2801 ditati
1833 2719 1934 2798 ad
1981 2722 2311 2828 propria
2365 2718 2813 2818 redierunt,
2867 2720 3490 2801 benivolenciam
3541 2724 3843 2831 regiam
3884 2741 3963 2802 et

1183 2860 1820 2941 munificenciam
1852 2858 2117 2936 multis
2158 2855 2528 2938 laudibus
2559 2858 3031 2938 attollentes.

1296 2997 1617 3077 Abhinc
1648 3025 1816 3076 non
1856 3013 2131 3076 exacto
2171 3023 2473 3095 mense,
2522 2993 2690 3076 dux
2729 2995 2942 3075 mille
2972 3014 3052 3075 et
3087 2999 3713 3106 quingentorum
3756 3000 3961 3079 mili-

1188 3155 1358 3216 tum
1384 3152 1462 3214 et
1491 3134 2048 3214 scutiferorum
2079 3162 2169 3212 ac
2198 3161 2518 3245 quoque
2549 3133 3142 3213 balistariorum
3172 3137 3606 3216 exercitum
3637 3162 3965 3246 congre-

1186 3275 1401 3382 gavit
1430 3291 1517 3352 ut
1554 3270 2027 3379 adimpleret
2065 3258 2481 3379 prfflssa.
2513 3268 2641 3349 Ad
2674 3270 3010 3351 similem
3042 3271 3286 3350 eciam
3318 3273 3746 3380 probitatis
3780 3274 3963 3353 titu-

1186 3411 1348 3489 lum
1381 3406 1955 3519 acquirendum
1987 3436 2163 3487 cum
2183 3394 2484 3488 ssomite
2510 3407 2768 3517 Delby
2792 3408 3143 3517 anglic0,
3179 3408 3347 3488 filio
3369 3408 3591 3490 ducis
3623 3412 3965 3490 Lencas-

1189 3550 1376 3645 trie,
1412 3545 1760 3644 modica,
1803 3543 2091 3626 vallida
2122 3563 2424 3645 tamen,
2468 3566 2745 3624 manus
2784 3546 3306 3655 Anglicorum
3340 3563 3839 3655 prevenerat;
3885 3566 3966 3626 et

1186 3685 1301 3763 hii
1330 3684 1566 3765 simul
1589 3711 1824 3764 naves
1849 3682 1949 3764 ad
1984 3701 2310 3790 portum
2325 3680 2667 3763 Massilie
2687 3682 3231 3782 ascendenteS,
3266 3686 3622 3780 Januam,
3654 3686 3964 3763 mariti-

1186 3851 1399 3901 mam
1427 3824 1848 3919 civitatem,
1884 3821 2105 3900 brevi
2143 3821 2415 3929 spacio
2457 3822 2918 3929 attigerunt.
2953 3822 3116 3922 Qui
3151 3850 3456 3900 summa
3491 3824 3966 3901 auctoritate

1188 3959 1597 4069 pollebant
1641 3987 1686 4037 a
1741 3957 2045 4038 civibus
2085 3956 2530 4037 honorifice
2580 3959 3044 4038 intromissi.
3098 3959 3353 4037 Ceteri
3402 3958 3599 4066 jussi
3641 3977 3830 4038 sunt
3879 3962 3964 4037 in

1189 4097 1760 4204 campestribus
1801 4122 2239 4193 remanere3
2294 4122 2440 4174 nec
2481 4094 2910 4204 quatriduo
2943 4114 3256 4193 exacm,
3311 4125 3485 4176 cum
3526 4098 3691 4205 jam
3732 4126 3967 4177 naves

1190 4234 1594 4341 octoginta
1680 4250 1850 4312 arte
1930 4234 2321 4341 remigum
2402 4252 2479 4312 et
2551 4233 2908 4313 velorum
2982 4231 3334 4342 presidio
3413 4230 3967 4315 conducendas

1141 4386 1152 4397 ‘
1187 4390 1601 4481 promptas
1634 4372 1797 4481 jam
1852 4372 1938 4448 in
1984 4371 2253 4450 littore
2284 4370 2713 4469 haberent,
2750 4400 2939 4451 voce
2992 4374 3403 4481 preconia,
3454 4372 3671 4452 lituis
3711 4375 3967 4480 preci-

1187 4506 1600 4604 uentibuS,
1636 4504 1845 4585 diem
1889 4503 2169 4585 dicunt
2216 4533 2380 4619 quo
2433 4533 2709 4585 omnes
2751 4504 2853 4584 ad
2900 4506 3580 4588 transfretandum
3614 4510 3966 4615 prompti

1184 4660 1468 4722 essent.
1503 4641 1780 4722 Navali
1816 4669 1961 4722 suo
1992 4643 2418 4739 exercitui,
2459 4644 2596 4750 qui
2641 4641 2850 4720 mille
2886 4643 3471 4722 balistariorum
3515 4661 3595 4722 et
3624 4641 3969 4722 duorum

1184 4780 1495 4861 milium
1552 4781 1912 4859 virorum
1971 4793 2507 4877 armatorum,
2562 4782 2910 4886 exceptis
2986 4781 3322 4860 nauticis
3379 4781 3610 4879 viris,
3675 4782 3813 4889 qui
3865 4778 3967 4859 ad
