4666 6014
1064 695 1209 768 676
1517 683 2197 759 CHRONICORUM
2246 681 2613 786 KARohl·
2653 679 2937 755 SEXTI
2987 678 3163 752 LIB.
3219 676 3350 750 XI.

973 930 986 942 ‚
1064 836 1587 948 nonnullique
1605 834 2155 942 circumspecti
2186 831 2815 943 aspernebantur
2829 826 3161 938 agenda,
3184 827 3470 906 merito
3489 824 3842 937 quidem,

1065 995 1156 1056 ut
1191 974 1452 1084 prima
1488 972 1757 1054 fronte
1790 971 2262 1079 apparebat,
2303 970 2458 1049 nisi
2486 969 2746 1049 fausta
2773 996 2946 1047 sors
2978 981 3528 1075 contemptum
3560 965 3645 1044 in
3673 964 3839 1044 lau·
3932 1026 3936 1029 <

1066 1111 1249 1192 dem
1278 1130 1358 1191 et
1397 1109 1728 1218 gloriam
1765 1109 2281 1189 convertisset
2322 1135 2464 1216 per
2496 1093 2822 1186 modum
2856 1108 2994 1218 qui
3027 1103 3411 1217 sequitur.

1180 1246 1578 1326 Omnibus
1620 1273 1960 1357 namque
2000 1246 2341 1354 peractis
2387 1273 2542 1356 que
2588 1241 3117 1352 spectaculum
3160 1259 3657 1352 expectatum
3700 1268 3844 1349 po·-

1065 1402 1327 1467 terant
1394 1384 1691 1463 clarum
1744 1381 2109 1481 reddere,
2165 1410 2350 1472 cum
2418 1381 2707 1460 Gallici
2761 1378 2866 1460 ad
2931 1380 3278 1461 tentoria
3337 1379 3557 1487 regio
3619 1365 3842 1459 more

1068 1541 1384 1622 ornata,
1425 1521 1719 1633 quibus
1758 1518 2496 1628 supervenientibus
2526 1519 2816 1598 exteris
2846 1544 2989 1625 per
3018 1515 3186 1597 dies
3217 1517 3547 1625 triginta
3581 1515 3839 1624 splen-

1068 1658 1259 1742 dida
1305 1653 1776 1739 celebranda
1811 1674 2038 1736 erant
2077 1657 2439 1736 convivia
2459 1717 2479 1754 ,
2525 1655 3063 1765 perrexissent
3081 1716 3101 1753 ,
3152 1672 3231 1733 et
3287 1651 3557 1733 triduo
3603 1651 3835 1733 adve-
3910 1722 3931 1744 ,

1066 1796 1475 1876 nientibus
1523 1790 1884 1873 debitum
1921 1793 2426 1873 salutacionis
2477 1792 2808 1872 affatum
2848 1791 3440 1901 persolvissent,
3478 1791 3845 1872 vicesima

1071 1934 1333 2041 prima
1387 1930 1517 2011 die
1561 1933 1840 2009 marcii
1875 1929 2172 2011 eisdem
2222 1959 2305 2011 se
2344 1931 2430 2008 in
2466 1931 2706 2010 armis
2748 1928 3321 2037 refulgentibus
3354 1928 3841 2011 obtulerunt.

1069 2071 1299 2148 Tunc
1353 2068 1991 2148 monomachiam
2055 2067 2542 2146 inchoarunt
2604 2083 3019 2177 sequentes
3088 2064 3408 2176 milites,
3473 2063 3844 2145 dominus

1070 2205 1112 2283 J
1116 2207 1471 2285 ohannes
1500 2202 1927 2285 Hollandie
1961 2232 2221 2285 comes
2252 2202 2355 2284 de
2385 2199 2986 2301 Hostindonne‚
3017 2200 3262 2282 frater
3293 2204 3500 2310 regis
3529 2203 3846 2310 Anglie,

1072 2371 1334 2424 comes
1367 2343 1862 2423 Marescallus
1890 2404 1908 2440 ‚
1945 2341 2255 2423 domini
2300 2339 2401 2421 de
2449 2340 2974 2439 Bellomonte‚
3024 2339 3124 2420 de
3167 2340 3528 2442 Cliffort‚
3571 2342 3848 2422 Petrus

1072 2479 1173 2560 de
1199 2482 1695 2560 Courtenaco
1717 2542 1735 2579 ,
1764 2479 1806 2557 J
1811 2480 2164 2559 ohannes
2192 2478 2548 2559 Galaffre
2564 2539 2584 2576 ,
2613 2477 2654 2555 J
2659 2477 3014 2557 ohannes
3043 2477 3430 2558 Rousselli
3451 2540 3470 2574 ,
3498 2477 3849 2558 Thomas

1075 2617 1174 2698 de
1216 2615 1842 2715 Sewinbourne,
1891 2636 1970 2697 et
2004 2617 2176 2714 isti,
2219 2644 2432 2695 nunc
2459 2615 2674 2695 claro
2713 2631 2997 2713 marte,
3043 2643 3258 2694 nunc
3294 2614 3638 2696 obscuro
3679 2618 3850 2723 ipsa

1076 2752 1205 2834 die
1247 2752 1853 2834 contenderunt.
1899 2753 2086 2831 Dies
2114 2780 2448 2860 sequens
2478 2748 3028 2850 nominandiS,
3059 2753 3356 2833 scilicet
3384 2750 3716 2832 domino
3750 2750 3849 2830 de

1072 2888 1485 2971 Muscidan
1502 2953 1520 2989 ‚
1546 2890 1933 2970 Nicholao
1961 2888 2262 2968 Cliston
2289 2950 2307 2986 ‚
2346 2888 2736 2968 Nicholao
2763 2889 3010 2969 Saton
3028 2951 3047 2988 ,
3083 2889 3507 2970 Guillelmo
3545 2891 3848 2985 Heron,

1079 3027 1507 3108 Guillelmo
1549 3025 1894 3126 Stadon,
1927 3027 2272 3106 Johanni
2309 3027 2767 3125 Lencestre,
2797 3026 3107 3108 Thome
3135 3026 3500 3139 Blaquet,
3543 3027 3852 3108 Thome

1081 3162 1431 3273 Querry,
1477 3164 1787 3249 Thome
1833 3163 1933 3244 de
1963 3164 2330 3264 elimo,
2377 3164 2690 3245 Thome
2738 3160 3176 3263 Taillebot,
3235 3167 3708 3276 cappitaneo
3757 3164 3856 3245 de

1080 3301 1373 3381 Guinis
1404 3302 1876 3409 assignatur,
1916 3303 2055 3410 qui
2083 3302 2511 3381 successive
2539 3303 2624 3389 in
2662 3301 3190 3411 Francigenas
3221 3306 3644 3415 quinquies
3672 3331 3850 3383 cum

1080 3439 1549 3520 acutissimis
1607 3434 1885 3545 gladiis
1947 3457 2556 3537 concurrerunt,
2613 3437 2748 3519 sed
2805 3439 3001 3520 illesi
3055 3437 3155 3520 ad
3213 3442 3555 3521 tentoria
3596 3437 3849 3519 redie-

1080 3593 1293 3655 runt.

1195 3712 1224 3789 l
1235 3713 1377 3791 stis
1407 3711 1805 3793 Johannes
1835 3713 2185 3793 Silvestri
2204 3777 2223 3815 ‚
2258 3716 2704 3799 Bruiandus
2736 3716 2836 3798 de
2861 3717 3314 3827 Strapleton
3338 3778 3357 3817 ,
3390 3716 3855 3796 Guillelmus

1083 3851 1523 3961 Macqueri,
1578 3842 2172 3964 Jmikobasque,
2233 3854 2610 3937 dominus
2671 3857 3071 3938 Johannes
3120 3855 3662 3954 d'Arondelle‚
3719 3858 3854 3935 Ni·

1084 3987 1404 4067 cholaus
1467 3990 1772 4098 Longi,
1841 3988 2213 4072 dominus
2264 3992 2666 4073 Johannes
2726 3993 3365 4074 d’Aubissecourt
3390 4057 3409 4093 ,
3455 3994 3857 4073 Johannes

1084 4124 1388 4223 Belcot,
1446 4127 1803 4235 Rogerus
1849 4129 2110 4237 Longi
2135 4192 2152 4225 ,
2205 4127 2584 4210 dominus
2618 4130 3111 4229 Herehause,
3155 4132 3640 4243 Janequinus
3686 4129 3850 4206 Ma-

1084 4262 1899 4360 rescalli,·Richa1-dus
1933 4262 2030 4344 de
2059 4267 2303 4365 Witt,
2350 4266 2749 4348 Johannes
2790 4266 3251 4378 Claquefort
3294 4269 3540 4347 tercio
3572 4263 3856 4345 ordine

1084 4420 1664 4499 successerunt,
1700 4419 1780 4481 et
1804 4430 1966 4481 non
2002 4405 2172 4483 sine
2203 4405 2668 4486 vulneribus
2701 4433 3036 4513 agonem
3067 4422 3562 4514 peregerunt.
3596 4405 3855 4504 Quar-

1084 4555 1256 4617 tum
1314 4538 1680 4620 ordinem
1724 4537 2029 4619 domini
2075 4542 2466 4622 Henricus
2509 4541 2608 4621 de
2650 4545 2944 4641 DuraS,
2992 4544 3382 4623 Henricus
3429 4541 3811 4622 Goulafre
3835 4605 3853 4637 ,

1089 4675 1486 4757 Johannes
1531 4676 1967 4775 Mourlent,
2018 4678 2423 4759 Johannes
2471 4680 2983 4790 Lucteberry,
3025 4680 3428 4761 Johannes
3464 4664 3857 4772 Moleton,

1089 4813 1484 4895 Robertus
1522 4815 1763 4914 Steri,
1812 4815 2217 4898 Johannes
2273 4816 2509 4898 Hulle
2559 4836 3018 4918 tenuerunt3
3065 4847 3266 4931 quos
3306 4847 3579 4901 onmes
3631 4817 3863 4925 Regi-
