4666 6014
1053 650 1200 721 1254
1515 642 2197 718 CHRONICORUM
2250 641 2608 726 KAROLI
2658 638 2943 740 SEXTI
2992 638 3169 712 LIB.
3224 639 3385 716 VII.

1053 801 1375 906 rapinas
1407 815 1797 907 ceperunt
1820 797 2058 878 solito
2083 799 2344 879 acrius
2374 816 2737 878 exercere
2763 858 2782 894 ‚
2817 794 3121 907 ubique
3150 794 3518 875 ruricolis
3548 796 3852 906 fugien-

1049 936 1266 1015 tibus
1307 936 1534 1046 quasi
1579 964 1623 1014 a
1670 933 1872 1015 facie
1914 936 2289 1016 hostium.
2363 936 2466 1014 Et
2510 936 2698 1047 quia
2745 961 3025 1014 eorum
3077 930 3421 1013 ecclesiis
3461 964 3630 1015 non
3670 964 3850 1043 par-

1040 1073 1364 1170 cebant,
1413 1101 1576 1151 non
1615 1074 2224 1181 reperiebantur
2262 1089 2608 1152 rectores
2650 1075 2791 1184 qui
2843 1070 3338 1151 celebrarent
3380 1069 3655 1152 divina
3708 1093 3847 1153 aut

1048 1229 1539 1291 sacramenta
1578 1211 2100 1291 ecclesiastica
2141 1212 2713 1297 ministrarent.
2768 1212 2869 1291 Et
2910 1212 3272 1322 quamvis
3304 1212 3386 1289 in
3434 1213 3841 1321 principio

1047 1348 1201 1427 sibi
1245 1366 1325 1428 et
1355 1348 1517 1427 suis
1559 1350 1874 1428 nunciis
1900 1351 1985 1428 in
2022 1379 2345 1429 annona
2379 1352 2646 1429 tritice
2674 1350 2949 1429 messis
2980 1346 3291 1458 ubique
3316 1326 3506 1428 satis
3535 1349 3847 1429 habun-

1047 1465 1304 1595 deque
1365 1484 1805 1582 sufficeret,
1872 1486 2357 1566 arbitrantes
2414 1485 2635 1599 quod
2698 1489 2784 1565 in
2849 1483 3133 1566 eodem
3193 1502 3412 1565 statu
3455 1483 3845 1566 deberent

1048 1624 1522 1703 continuare
1584 1639 1945 1732 tempora
1975 1686 1996 1720 ,
2062 1642 2142 1703 et
2210 1624 2630 1704 abutentes
2693 1623 3091 1721 ubertate,
3162 1621 3466 1731 ubique
3533 1623 3844 1733 abjecta

1046 1763 1572 1868 parsimonia,
1623 1760 2131 1870 superfluitas
2168 1764 2532 1870 viguerat
2573 1763 2656 1841 in
2707 1763 2984 1841 castris
3013 1822 3032 1858 ‚
3077 1761 3331 1840 victus
3382 1759 3719 1840 deficere
3764 1781 3843 1843 et

1046 1926 1192 2005 pre
1243 1897 1806 1977 alimentorum
1860 1900 2138 2008 inopia
2201 1900 2414 2008 cepit
2468 1900 2860 1978 exercitus
2920 1897 3333 1994 laborare;
3389 1895 3660 2009 sicque
3710 1928 3843 1979 ex-

1047 2035 1349 2113 haustis
1401 2035 1593 2115 locis
1642 2038 2164 2116 conterminis
2192 2099 2211 2134 ,
2269 2039 2410 2145 qui
2465 2036 2632 2147 jam
2686 2038 2772 2116 in
2827 2037 3231 2116 Esclusam
3298 2035 3789 2143 attingerant
3816 2099 3835 2134 ,

1048 2174 1430 2252 interiora
1464 2176 1693 2282 regni
1712 2237 1730 2273 ‚
1763 2175 2231 2254 necessitate
2258 2192 2621 2282 urgente,
2662 2193 3024 2284 repetere
3057 2190 3246 2253 sunt
3275 2175 3551 2253 coacti.

1944 2456 2602 2536 CAPITULUM
2668 2458 2918 2539 VIII.

1669 2670 1758 2728 De
1783 2667 2083 2728 nativitate
2115 2666 2322 2729 Karoli
2354 2668 2722 2747 primogeniti
2752 2667 2903 2748 regis
2932 2667 3192 2727 Francie.

1153 2872 1323 2952 Sub
1364 2889 1588 2952 tanta
1627 2867 2175 2949 vicissitudine
2231 2899 2504 2950 rerum
2532 2932 2551 2969 ‚
2608 2873 2904 2949 mensis
2946 2870 3420 2980 septembris
3460 2873 3829 2951 vicesima

1038 3011 1325 3120 quinta
1381 3005 1542 3103 die,
1608 3010 1692 3087 in
1734 3005 1979 3089 domo
2021 3012 2236 3118 regia
2280 3006 2383 3089 de
2420 3011 2729 3088 Βεαιιεέ
2752 3007 2970 3120 apud
3009 3037 3286 3089 nemus
3319 3010 3824 3106 Vicenarum,

1040 3145 1344 3223 Karolo
1376 3145 1545 3251 regi
1575 3148 1891 3252 peperit
1931 3147 2187 3225 filium
2220 3163 2731 3255 peroptatum
2760 3144 3089 3226 domina
3128 3144 3521 3226 Ysabellis
3541 3210 3558 3244 ,
3591 3176 3827 3227 vene·

1044 3281 1319 3362 rabilis
1363 3284 1677 3390 regina3
1723 3286 1863 3395 qui
1910 3268 2135 3364 sacro
2184 3286 2550 3364 crismate
2596 3283 2999 3366 delibutus
3032 3314 3178 3395 per
3209 3312 3537 3365 manum
3577 3286 3832 3363 archi-

1043 3422 1399 3529 episcopi
1417 3419 2110 3530 Rothomagensis‚
2140 3423 2405 3530 ipsum
2437 3451 2698 3503 comes
2723 3423 3080 3530 Dompni
3113 3421 3441 3500 Martini
3476 3419 3575 3500 de
3604 3450 3828 3499 sacro

1043 3558 1265 3638 fonte
1299 3559 1615 3659 levavit,
1654 3577 1734 3639 et
1765 3556 2025 3638 eidem
2057 3587 2352 3641 nomen
2386 3561 2638 3668 patris
2667 3557 3098 3668 adaptavit.
3139 3560 3245 3637 Ut
3269 3586 3442 3637 mos
3484 3558 3830 3668 antiqui-

1049 3714 1176 3776 tus
1208 3697 1542 3777 inolevit
1581 3697 1667 3776 in
1702 3700 2433 3806 primogenitorum
2474 3725 2751 3806 regum
2796 3714 3022 3794 ortu,
3056 3696 3295 3804 longe
3341 3695 3651 3804 lateque
3681 3722 3828 3802 per

941 3822 946 3827 ’
1041 3862 1380 3941 regnum
1424 3863 1787 3915 cursores
1833 3837 2034 3943 regii
2085 3836 2310 3915 missi·
2359 3832 2604 3914 corda
2646 3835 3144 3914 Francorum
3191 3831 3382 3913 inde
3435 3830 3826 3912 ineffabili

1040 3971 1334 4079 gaudio
1410 3974 1910 4081 repleverunt
1944 4036 1962 4068 ,
2035 4002 2130 4081 ex
2204 3974 2483 4053 erariis
2544 3972 2891 4081 publicis
2957 3973 3263 4081 premia
3327 3971 3823 4080 recipientes.

1039 4110 1447 4203 Attamen,
1498 4127 1589 4190 ut
1642 4108 2030 4190 decuisset
2079 4111 2572 4220 majestatem
2640 4111 2939 4218 regiam
2961 4171 2980 4207 ‚
3039 4137 3192 4218 pro
3251 4110 3497 4187 tantis
3550 4107 3824 4187 celitus

1041 4242 1346 4325 collatis
1419 4249 1807 4355 primiciis
1840 4309 1860 4346 ‚
1941 4275 2087 4327 nec
2152 4246 2766 4326 elemosinarum
2850 4246 3426 4355 largicionibus
3507 4243 3827 4324 ecclesie

1037 4390 1228 4464 sunt
1316 4382 1622 4483 dotate,
1685 4414 1831 4465 nec
1886 4387 2393 4466 exactionum
2444 4386 2887 4493 regiarum,
2938 4402 3031 4465 ut
3083 4413 3128 4463 a
3195 4385 3501 4463 cunctis
3564 4410 3829 4490 spera-

1039 4520 1301 4619 batur,
1341 4523 1644 4635 aliquid
1682 4521 2119 4603 relaxatum
2150 4540 2292 4602 est.
2328 4523 2493 4602 Diu
2519 4541 2785 4602 tamen
2821 4523 3049 4602 heres
3082 4508 3350 4632 regius
3383 4549 3553 4600 non
3581 4520 3822 4615 vixit3

1036 4657 1173 4738 sed
1202 4661 1471 4771 vigilia
1506 4679 1968 4740 sanctorum
1999 4660 2573 4741 Innocencium
2613 4658 2827 4742 diem
2862 4663 3212 4770 signavit
3249 4659 3655 4757 ultimum,
3695 4660 3823 4737 in-

1039 4824 1336 4881 nocens
1362 4808 1546 4878 cum
1589 4799 1782 4906 ipsis
1816 4797 2381 4878 innocentibus
2415 4818 2803 4909 perpetuo
2837 4818 3336 4909 regnaturus.
3372 4797 3620 4908 Cujus
3653 4824 3826 4876 cor-
