4666 6014
1175 668 1269 742 84
1650 658 2341 737 CHRONICORUM
2389 656 2746 737 KAROLI
2795 659 3079 734 SEXTI
3129 661 3307 733 LIB.
3362 659 3456 732 11.

1174 811 1683 895 commodum
1708 873 1729 910 ‚
1779 838 1934 922 que
1981 827 2321 920 propter
2366 808 2771 919 publicam
2816 809 3241 891 utilitatem
3285 826 3474 889 sunt
3514 805 3615 887 ad
3660 805 3964 888 bonum

1176 976 1597 1030 commune
1648 945 1977 1056 prefixa.
2025 945 2154 1025 Sic
2198 944 2438 1054 longe
2486 945 2796 1058 lateque
2844 975 2991 1056 per
3049 974 3388 1055 regnum
3437 943 3749 1025 domini·
3796 973 3962 1025 car-

1167 1085 1469 1166 dinales
1500 1081 2052 1164 inestimabilis
2083 1082 2375 1162 valoris
2403 1081 2788 1163 beneficia
2820 1081 3350 1193 possidenteS,
3392 1110 3566 1162 uno
3592 1099 3914 1164 mortuo
3935 1144 3955 1179 ‚

1166 1221 1362 1300 alter
1391 1220 1618 1300 alteri
1652 1216 2165 1316 succedebat3
2209 1244 2366 1330 que
2398 1236 2477 1297 et
2515 1235 2606 1297 ut
2650 1219 2734 1296 in
2769 1221 3067 1299 minori
3100 1246 3435 1299 numero
3468 1216 3955 1315 viderentur,

1164 1356 1267 1438 ad
1297 1358 1769 1467 pensionem
1797 1384 2147 1435 annuam
2180 1373 2261 1435 et
2290 1355 2754 1465 frequenter
2791 1354 3143 1435 valorem
3174 1372 3707 1465 proventuum
3734 1383 3959 1435 exce-

1165 1491 1490 1572 dentem
1550 1492 1782 1571 alicui
1840 1490 2191 1571 conferri
2243 1490 2795 1599 procurabant
2838 1521 2855 1570 ε
2898 1489 3115 1571 unde
3165 1493 3429 1600 sepius
3482 1489 3960 1603 sequebatur

1160 1629 1379 1740 quod
1435 1627 1649 1709 idem
1704 1628 2078 1728 firmarii,
2137 1629 2393 1709 victus
2445 1629 2911 1725 necessitate
2959 1629 3252 1726 coacti,
3308 1626 3673 1708 divinum
3721 1629 3959 1708 servi-

1159 1768 1370 1853 cium
1399 1795 1583 1846 cum
1613 1764 2003 1847 beneficio
2034 1762 2531 1845 deserebant.
2570 1765 2976 1866 Quociens
3018 1765 3123 1846 ab
3155 1765 3311 1844 hac'
3342 1764 3515 1845 luce
3536 1766 3956 1874 episcopos

1160 1905 1223 1981 F
1227 1905 1494 1983 rancie
1523 1904 1870 2011 migrare
1900 1902 2456 2010 contingebat,
2488 1927 2681 1982 mox
2710 1930 2811 1981 ex
2843 1901 3108 2012 papali
3142 1929 3453 1982 camera
3492 1898 3955 1980 collectores

1158 2058 1238 2118 et
1263 2039 1880 2121 subcollectores
1913 2037 2462 2149 procedebant
2481 2101 2499 2137 ,
2533 2039 2671 2151 qui
2696 2039 3027 2118 mobilia
3057 2067 3202 2148 per
3228 2066 3450 2118 suam
3476 2035 3954 2117 industriam

1159 2178 1567 2288 acquisita,
1605 2205 1760 2289 que
1799 2176 1901 2257 ad
1944 2175 2274 2257 heredes
2303 2194 2442 2256 aut
2476 2146 2947 2287 exequtores
2987 2192 3647 2255 testamentorum
3676 2173 3950 2254 dinos-

1160 2313 1549 2394 cebantur
1589 2316 2028 2424 pertinere,
2084 2332 2165 2394 et
2215 2311 2433 2394 unde
2486 2311 2798 2394 edificia
2854 2313 3452 2423 episcopatuum
3502 2314 3950 2422 potuissent

1159 2452 1566 2558 reparari,
1626 2453 1947 2533 nemine
1998 2448 2593 2532 contradicente
2617 2514 2638 2551 ‚
2694 2451 3162 2561 rapiebant;
3219 2468 3301 2530 et
3353 2451 3491 2562 qui
3512 2511 3530 2548 ,
3574 2467 3945 2559 pretextu

1162 2581 1753 2695 arreragioruin
1794 2616 1892 2667 ex
1926 2585 2253 2667 decimis
2282 2606 2366 2668 et
2402 2589 2752 2668 serviciis
2785 2586 3153 2668 nundum
3184 2588 3491 2696 integre
3527 2586 3948 2696 persolutis

1159 2722 1818 2830 proveniencium
1841 2740 2061 2805 tanta
2081 2722 2434 2832 dampna
2458 2724 2937 2805 inferebant.
2960 2724 3214 2805 Simili
3237 2726 3584 2821 racione,
3608 2751 3753 2802 nec
3771 2739 3954 2832 post

1157 2857 1491 2939 abbates
1512 2858 1931 2941 defunctos
1955 2836 2532 2971 temporalitati
2552 2862 3224 2942 monasteriorum
3247 2859 3717 2970 parcebant3
3736 2857 3951 2940 unde

1156 2995 1659 3077 succedentes
1727 2996 1965 3079 bonis
2018 2999 2396 3080 omnibus
2453 2999 2773 3109 spoliati
2836 3028 3006 3080 non
3059 2998 3469 3079 habebant
3515 2993 3730 3077 unde
3785 2995 3937 3077 sibi

1155 3149 1234 3209 et
1264 3135 1855 3213 commonachis
1888 3137 2049 3214 suis
2078 3136 2448 3216 victualia
2476 3165 2568 3216 ac
2594 3155 2852 3216 cetera
2886 3137 3326 3217 necessaria
3357 3135 3945 3230 ministrarent3

1153 3286 1231 3346 et
1261 3268 1523 3377 sepius
1554 3271 2035 3379 sequebatur
2069 3285 2159 3352 ut
2192 3272 2479 3380 jocalia
2524 3270 2626 3352 ad
2670 3270 3042 3354 decorem
3071 3271 3577 3352 ecclesiarum
3620 3269 3901 3351 collata
3925 3331 3944 3364 ‚

1154 3434 1254 3485 ne
1282 3403 1864 3506 mendicarent,
1899 3405 2475 3508 venderentur,
2519 3427 2655 3489 aut
2686 3409 2944 3490 viliter
2983 3410 3745 3520 impignorarentur.
3778 3407 3947 3488 Me-

1149 3542 1440 3621 morati
1482 3543 1770 3621 iterum
1804 3542 2262 3624 collectores
2300 3543 2644 3624 resditus
2682 3563 2762 3625 et
2789 3564 3224 3655 proventus
3251 3547 3492 3656 primi
3538 3545 3732 3626 anni
3763 3574 3943 3625 om-

1149 3680 1374 3758 nium
1403 3696 1484 3757 et
1512 3678 2012 3786 singulorum
2036 3680 2612 3761 beneficiorum
2642 3682 3350 3764 ecclesiasticorum
3378 3684 3464 3762 in
3490 3700 3664 3764 toto
3695 3711 3945 3791 regno

1151 3815 1214 3892 F
1219 3816 1519 3912 rancie,
1556 3843 1702 3924 per
1735 3816 2369 3924 resignacionem
2390 3881 2409 3917 ,
2453 3820 3137 3928 permutacionem
3189 3837 3326 3898 aut
3385 3819 3574 3898 alias
3624 3817 3944 3927 quovis-

1147 3948 1396 4030 modo
1427 3953 1924 4052 vacancium,
1950 3954 2542 4064 percipiebant,
2574 3957 2893 4036 eciamsi
2926 3956 3097 4065 regi
3120 3957 3206 4033 in
3239 3954 3530 4061 regalia
3560 3951 3680 4032 vel
3712 3952 3942 4032 alteri

1147 4085 1481 4167 domino
1522 4090 1939 4197 temporali
1998 4090 2228 4174 velud
2286 4110 2636 4201 patrono
2704 4093 3043 4202 proprio
3098 4106 3548 4198 competere
3606 4090 3940 4168 minime

1149 4227 1636 4333 ignorarent.

1238 4388 1376 4482 ‚Ex
1422 4388 1578 4469 hiis
1624 4414 1815 4470 sane
1854 4394 2346 4475 novitatibus
2390 4392 2837 4474 adinventis
2895 4362 3547 4470 inconveniencia
3592 4388 3936 4499 plurima

1145 4525 1703 4636 sequebantur.
1748 4529 1957 4608 Nam
1995 4555 2219 4611 mens
2251 4549 2331 4611 et
2362 4532 2713 4610 intencio
2752 4556 3032 4637 regum
3072 4555 3164 4608 ac
3204 4544 3651 4607 ceterorum
3687 4524 3935 4605 eccle-

1144 4660 1443 4740 siarum
1490 4662 2015 4746 fundatorum
2046 4666 2630 4765 frustrabatur3
2680 4666 2984 4778 ubique
3021 4665 3517 4775 negligenter
3557 4665 3729 4742 Deo
3767 4690 3934 4741 ser-

1144 4797 1550 4898 viebatur3
1617 4802 2131 4884 minuebatur
2197 4802 2552 4886 fidelium
2611 4801 2984 4902 devoci03
3043 4801 3531 4884 vacuabatur
3599 4825 3936 4906 regnum
