4666 6014
1123 692 1267 762 352
1581 685 2285 760 CHRONICORUM
2336 683 2691 760 KAROLI
2740 684 3026 758 SEXTI
3074 687 3251 762 Lm.
3304 685 3431 762 vl.

1121 835 1599 926 mechanicis
1645 834 1953 913 artibus
2001 834 2530 932 insudabant,
2573 833 2960 914 cle-multa
3000 863 3265 915 rerum
3298 837 3527 944 copia
3568 832 3669 914 ad
3716 835 3904 915 ulti-

1121 1000 1331 1050 mam
1359 988 1779 1077 egestatem
1818 970 2204 1069 devoluti,
2237 1001 2335 1051 ex
2361 972 2705 1051 officinis
2738 971 3080 1080 publicis
3115 970 3566 1050 recedentes
3586 1032 3605 1068 ,
3649 973 3909 1051 natale

1116 1109 1372 1186 solum
1414 1108 1978 1218 relinquebant
2002 1171 2021 1206 ,
2058 1128 2136 1188 et
2176 1125 2484 1188 exteras
2518 1110 2883 1216 regiones
2912 1110 3326 1187 liberiores
3359 1107 3775 1215 petebant,
3818 1125 3909 1187 ut

1113 1249 1200 1326 in
1266 1244 1806 1351 pulcritudine
1861 1250 2072 1353 pacis
2136 1265 2216 1325 et
2279 1249 2553 1358 requie
2616 1246 3178 1355 temporalium
3233 1244 3608 1353 opulenta
3664 1247 3907 1324 vitam

1027 1395 1044 1406 “
1124 1383 1565 1490 transigere
1615 1399 1966 1491 possent.

2057 1714 2732 1834 cAP1TnLUM
2803 1716 2967 1792 111.

1770 1972 1858 2031 De
1893 1974 2259 2032 matrimonio
2286 1973 2566 2033 Johannis
2594 1974 2819 2032 comitis
2841 1971 3251 2031 Niveruieusis.

1097 2227 1126 2246 ''
1231 2201 1676 2332 Occasione*
1744 2223 2042 2304 federis
2099 2225 2543 2332 conjugalis
2603 2226 2814 2302 inter
2870 2224 3284 2332 utriusque
3342 2250 3571 2301 sexus
3610 2223 3908 2305 liberos

1119 2364 1434 2442 comitis
1486 2359 2026 2440 Hauoniensis
2108 2378 2347 2471 atque
2428 2358 2650 2440 ducis
2703 2357 3164 2466 Burgundie
3242 2359 3407 2465 jam
3479 2362 3858 2440 transacti
3885 2421 3904 2457 ,

1119 2497 1479 2580 videlicet
1550 2495 2110 2576 d’Austervant
2181 2498 2945 2606 Niverniensemque
3022 2498 3349 2574 comites
3438 2523 3907 2608 sororesque

1118 2631 1578 2716 corumdem
1614 2693 1633 2728 ,
1690 2633 2044 2740 prefatus
2094 2631 2261 2711 dux
2335 2643 2595 2740 regem
2652 2634 2952 2711 ob‘nixe
3014 2633 3323 2738 rogavit
3380 2660 3481 2710 ne
3512 2634 3906 2739 ,accinge-

1067 2811 1080 2822 ·
1120 2787 1337 2847 retur
1382 2767 1481 2852 ad
1525 2769 1678 2848 iter
1716 2769 1880 2878 jam
1925 2768 2423 2866 conclusum,
2461 2768 2718 2848 donec
2752 2770 3172 2847 amborum
3206 2768 3907 2846 matrimoniorum

1119 2905 1652 2986 celebritatem
1702 2929 1838 2984 sua
1883 2905 2285 3013 presencia
2338 2906 2834 2985 honorasset.
2894 2907 3012 2986 Ex
3060 2905 3462 3012 preteritis
3509 2901 3671 2981 dux
3713 2931 3903 3011 pro-

1119 3040 1347 3121 vidus
1369 3040 1637 3119 futura
1680 3044 2205 3147 premeciens,
2258 3071 2354 3120 ex
2396 3044 2821 3122 connubiis
2867 3041 3238 3149 sperabat
3271 3041 3599 3119 Francis
3636 3041 3907 3118 Hauo-

1121 3181 1432 3257 nienses
1485 3164 1778 3256 amicos
1833 3176 2215 3276 reddere,
2256 3197 2338 3258 et
2381 3162 2679 3289 alienos
2730 3178 3248 3285 Flammingis
3276 3240 3296 3276 ‚
3348 3207 3451 3257 ne
3491 3174 3903 3283 deinceps»,

1120 3317 1506 3424 quociens
1536 3314 2058 3420 voraginibus
2097 3290 2563 3421 guerrarum
2607 3333 3158 3422 premerentur
3183 3377 3201 3409 ‚
3232 3342 3512 3392 eorum
3545 3310 3908 3419 indigen-

1116 3454 1319 3550 cias,
1354 3469 1443 3529 ut
1475 3476 1786 3556 semper
1822 3470 2440 3549 consueverant,
2476 3452 3002 3532 sublevarent.
3041 3451 3411 3528 Presente
3444 3449 3689 3567 igitur
3718 3475 3905 3555 rege

1115 3606 1195 3668 et
1252 3586 1720 3696 proceribus
1781 3584 2170 3683 Francie',
2237 3587 2407 3666 aliis
2458 3600 2803 3707 'quoque
2844 3586 3114 3667 multis
3169 3586 3306 3696 qui
3328 3582 3468 3662 de
3524 3584 3902 3681 Bavaria,

1053 3776 1068 3789 ·
1115 3723 1690 3831 Lothoringia,
1739 3721 2149 3803 Alemania
2199 3726 2499 3804 ev'ocati
2528 3725 2889 3821 fuerant,
2934 3726 3016 3803 in
3064 3721 3622 3801 Camaracensi
3669 3718 3900 3817 urbe,

1116 3859 1246 3938 die
1283 3858 1776 3939 duodecima
1784 3858 2099 3963 aprilis,
2133 3861 2448 3967 nupciis
2486 3886 2708 3939 more
2743 3861 2967 3967 regio
3007 3859 3463 3950 celebratis,
3497 3874 3585 3935 ut
3606 3857 3906 3965 jocun-

1119 3995 1385 4075 diores
1422 3992 2016 4090 redderentur,
2038 3995 2658 4076 hastiludiorum
2704 3995 2873 4105 ludi
2919 3995 3297 4074 militares
3340 3992 3532 4073 inde
3569 3994 3773 4090 acti,
3817 3993 3900 4071 in

1116 4126 1408 4243 quibus
1456 4130 1707 4209 robur
1743 4129 2089 4237 juvenile
2125 4160 2267 4213 rex
2299 4131 2805 4221 laudabiliter
2824 4158 3278 4239 evaporans
3316 4132 3401 4209 in
3422 4127 3902 4211 Collardum

1118 4264 1608 4377 d'Espinay„
1613 4265 1938 4342 militem
1953 4262 2575 4389 hanoniensem,
2615 4270 2888 4357 noyies
2912 4267 3110 4347 laxis
3135 4268 3469 4347 habenis
3495 4285 3574 4346 et
3590 4265 3900 4351 infestis

1114 4390 1631 4513 cuspidibus
1611 4376 1967 4493 invectus
2008 4426 2149 4487 est.
2180 4404 2424 4507 Quod
2461 4423 2539 4483 et
2570 4408 2636 4485 si
2672 4407 2811 4515 qui
2842 4407 3082 4484 eciam
3121 4403 3674 4512 circumspecti
3709 4419 3901 4479 tunc

1116 4539 1472 4621 dixerint
1506 4544 2167 4659 reprehensibile,
2202 4544 2573 4654 regieque
2606 4546 3138 4650 incongruum
3162 4540 3569 4651 *dignitati
3586 4556 3666 4617 et
3700 4560 3900 4616 con-

1118 4696 1240 4757 tra
1286 4683 1912 4787 progenitorum·
1928 4702 2271 4777 morem,
2327 4678 2787 4787 gaudebant
2816 4697 3081 4759 tamen
3136 4674 3364 4758 etatis
3408 4672 3692 4754 floride
3734 4674 3900 4780 pri-

1115 4810 1404 4897 micias*
1426 4816 1947 4925 prelibando,
1995 4844 2168 4899 rem
2216 4824 2380 4897 ta'm
2411 4818 2748 4909 feliciter
2789 4800 3156 4935 gessisse,
3201 4833 3281 4895 et
3320 4812 3540 4926 quod
3577 4807 3767 4892 inde
3812 4826 3899 4887 se
