4666 6014
1075 675 1222 751 234·
1544 671 2228 747 OEROMCORUM
2277 673 2637 749 KAROLI
2685 675 2969 750 szx'rl
3016 677 3196 752 Lm.
3249 677 3378 751 m.

1183 824 1326 905 Ad·
1371 822 1725 922 eosdem,
1782 850 1972 902 cum‘
2007 823 2126 903 sol
2169 822 2538 905 tenderet
2594 824 2701 906 ad
2754 854 3161 925 occasum,
3210 854 3392 906 cum
3449 825 3860 935 preposito

1071 982 1610 1044 mercatorum
1642 962 2015 1042 nonnulli
2042 989 2347 1042 summe
2376 965 2871 1052 auctoritatis
2896 965 3376 1046 parisienses
3400 964 3861 1074 burgenseS,

1077 1103 1308 1212 plebe
1370 1117 1632 1182 tamen
1684 1103 2146 1210 ignorante,
2200 1100 2660 1182 accedentes
2685 1165 2704 1201 ,
2766 1098 3293 1211 jurejurando
3342 1101 3868 1212 firmaverunt

1076 1270 1211 1321 eos
1275 1257 1599 1351 pacatos
1667 1257 1805 1319 aut
1873 1240 2119 1319 iratos
2139 1302 2158 1338 ,
2213 1258 2294 1319 et
2350 1242 2440 1319 in
2493 1267 2974 1352 quocunque
3028 1239 3378 1351 placeret
3434 1258 3866 1350 apparatu,

1075 1407 1308 1490 posse
1356 1378 1658 1489 absque
1705 1379 2200 1476 resistencia,
2249 1375 2471 1489 quod
2506 1374 2647 1458 diu
2684 1395 3293 1488 exoptaverant,
3328 1376 3646 1492 ingredi
3676 1381 3869 1458 civi-

1075 1535 1344 1597 tatem.
1386 1516 1654 1596 Verba
1696 1515 1998 1595 sorcius
2038 1515 2606 1598 confirmantes
2632 1578 2655 1614 ,
2694 1544 2861 1596 sese
2909 1517 3223 1600 itineris
3275 1515 3515 1597 duces
3549 1517 3875 1600 obtule-

1081 1673 1307 1754 runt,
1349 1651 1828 1738 condicione
1860 1651 2137 1734 addita
2169 1654 2425 1766 quod,
2479 1657 2636 1736 nisi
2686 1654 3063 1762 pollicitis
3091 1672 3462 1754 sta-retur,
3510 1674 3871 1740 extreme

1081 1789 1738 1903 adjudicarentur
1795 1791 2236 1899 supplicio..
2276 1791 2567 1904 Sicque
2633 1791 2876 1872 duces
2936 1795 3464 1876 assencientes
3504 1793 3835 1872 monitis
3853 1856 3871 1891 ,

1077 1930 1275 2010 dum
1304 1955 1594 2011 aurora
1625 1930 2190 2042 subsequentis
2213 1931 2403 2010 solis
2433 1933 2853 2011 nunciaret
2883 1929 3313 2012 adventum
3324 1979 3352 2030 ·,
3383 1959 3878 2041 vocepreco-

1080 2072 1214 2150 nia
1258 2088 1338 2149 et
1380 2069 2002 2180 personantibus
2036 2069 2254 2148 lituis
2301 2064 2731 2154 edixerunt
2754 2130 2773 2164 ,
2838 2089 2930 2148 ut
2986 2049 3269 2150 'omnes
3311 2072 3536 2149 omni
3590 2098 3877 2179 genere

1081 2237 1493 2288 armorum
1539 2208 1907 2316 insigniti
1952 2225 2031 2286 et
2077 2206 2364 2286 bellico
2413 2226 2802 2315 apparatu
2850 2208 3207 2316 prompti
3262 2227 3522 2289 essent
3561 2205 3875 2317 ingredi

1081 2348 1514 2442 civitatem,
1562 2363 1654 2424 ut
1690 2347 2027 2426 victorie
2066 2373 2342 2424 recens
2387 2347 2773 2462 memori-a
2814 2346 2899 2424 in
2956 2344 3361 2425 mentibus
3399 2343 3885 2455 ignobilium

1080 2485 1674 2590 imprimeretur
1706 2478 2043 2566 diucius.

1196 2620 1598 2702 Omnibus
1632 2621 1932 2729 triplici
1974 2615 2139 2700 acie
2170 2622 2628 2702 constitutis
2653 2622 2801 2718 ‚sin
2835 2617 3101 2701 medio
3136 2645 3431 2701 eorum.
3474 2622 3691 2706 solus
3742 2652 3885 2702 rex

1081 2786 1289 2871 equo
1358 2753 1796 2857 insederat3
1865 2760 1998 2837 cui
2054 2785 2238 2839 cum
2286 2756 2805 2867 egredientes·
2839 2731 3051 2848 cives
3101 2759 3501 2840 honorem
3556 2759 3882 2840 solitum

1083 2895 1376 2975 vellent
1429 2893 1931 3004 impendere,
1986 2924 2168 2975 cum
2220 2894 2793 3003 indignacione
2847 2880 3211 2975 maxima
3238 2897 3438 3006 jussi
3481 2914 3670 2976 sunt
3717 2899 3880 2975 cito

1083 3031 1378 3133 redire,
1414 3050 1494 3114 et
1524 3035 1681 3115 hoc
1713 3034 1977 3142 sepius
2009 3032 2386 3114 addendo
2408 3096 2427 3133 ,
2471 3032 2660 3146 quia
2713 3037 3165 3114 recenc'rum
3207 3035 3700 3115 offensarum
3742 3062 3884 3115 rex

1086 3186 1167 3252 et
1215 3162 1466 3281 ipsius
1513 3172 1779 3280 patrui
1825 3199 1996 3251 non
2045 3188 2423 3280 poterant
2460 3171 2827 3252 'oblivisci
2878 3190 2960 3251 et
3004 3173 3573 3282 opportunitas
3614 3170 3888 3252 aderat

1045 3313 1433 3421 ‘privatas
1492 3309 1726 3391 simul
1780 3339 1870 3389 ac
1913 3310 2252 3420 injurias
2301 3309 2662 3420 publicas
2708 3306 3166 3389 ulciscendi.
3228 3310 3575 3422 Moxque
3621 3311 3886 3393 verbis

1085 3434 1325 3529 verba
1374 3444 1594 3526 dicto
1627 3448 1870 3527 cicius
1926 3467 2569 3555 compensantes,
2627 3476 2885 3559 prope
2935 3474 3227 3528 vesano
3276 3449 3582 3557 impetu
3634 3447 3885 3556 pallos

1087 3562 1423 3694 ligneos,
1451 3583 1738 3665 affixos
1769 3611 1924 3693 pro
1953 3585 2272 3669 foribus
2299 3615 2402 3666 ne
2431 3589 2615 3699 quis
2660 3587 2946 3667 urbem
2975 3586 3492 3667 illicenciatus
3521 3585 3883 3679 intraret,

1091 3751 1273 3825 curn
1311 3722 1724 3805 securibus
1771 3721 2326 3823 succiderunt,
2378 3742 2458 3804 et
2499 3727 2583 3804 in
2627 3725 2977 3804 introitu
3007 3739 3283 3832 portas
3325 3750 3370 3801 a
3419 3720 3773 3801 vectibus
3809 3738 3889 3799 et

1091 3858 1556 3940 cardinibus
1601 3862 1904 3942 evulsas
1958 3890 2196 3970 super
2236 3880 2589 3942 stratam
2614 3864 2917 3997 regiam
2963 3876 3596 3970 prostraverunt.
3632 3857 3889 3966 Super

1091 4026 1287 4109 quas
1319 4016 1992 4107 pertranseuntes,
2011 4028 2239 4112 quasi
2218 4001 2664 4079 leoninam
2690 4000 2984 4079 civium
3003 3972 3460 4107 superbiam
3481 3995 3892 4079 conculca-

1094 4154 1312 4234 rent,
1345 4160 1615 4244 regem
1633 4164 1889 4249 usque
1919 4136 2022 4219 ad
2052 4136 2457 4221 ecclesiam
2470 4136 2765 4218 Nostro
2782 4137 3129 4216 Domine
3160 4135 3378 4215 lento
3411 4160 3684 4243 gressu
3704 4162 3889 4243 per-

1095 4275 1523 4355 duxerunt.
1562 4276 1726 4356 Ubi
1757 4302 1941 4357 cum
1989 4267 2265 4388 preces
2306 4276 2645 4357 fudisset
2699 4294 2778 4355 et
2808 4273 3187 4355 vexillum
3225 4271 3411 4353 liliis
3464 4273 3723 4354 aureis
3760 4270 3897 4352 de-

1097 4431 1458 4495 coratum
1504 4434 1688 4495 ante
1742 4417 2198 4524 ymaginem
2231 4416 2460 4496 beate
2502 4415 2749 4497 Mario
2796 4409 3252 4517 obtulisset,
3297 4413 3562 4520 ipsum
3600 4413 3892 4491 iterum

1098 4582 1283 4635 cum
1323 4551 1684 4663 predicta
1724 4552 2055 4633 militari
2104 4579 2405 4663 pompa
2444 4551 2548 4637 ad
2586 4550 2984 4633 Palacium
3024 4553 3333 4660 regium
3371 4548 3893 4630 reduxerunt.

1212 4689 1913 4790 Conestabulario,
1975 4691 2452 4770 marescallis
2506 4708 2755 4802 atque
2806 4688 3413 4799 potencioribus
3472 4685 3699 4792 regni
3750 4712 3899 4793 per

1099 4832 1384 4912 urbem
1421 4830 1592 4913 loca
1631 4822 2228 4911 distribuuntur
2269 4849 2765 4941 opportuna,
2815 4846 2896 4909 et
2936 4828 3315 4937 precipue
3341 4823 3713 4933 compitis
3745 4848 3895 4930 po-
