4666 6014
1072 700 1220 771 414
1554 687 2237 766 CHRONICORUM
2285 685 2643 762 KAROLI
2692 687 2975 761 SEXTI
3024 688 3201 762 ΗΒ.
3258 689 3383 765 VI.

1073 843 1405 957 plumbo
1463 841 1586 922 vel
1639 840 1872 920 clavis
1908 838 2191 918 celatas
2232 866 2403 917 non
2446 855 2772 946 possent
2812 867 3217 920 removere
3240 903 3259 936 ‚
3313 839 3454 921 sed
3502 860 3584 922 et
3640 844 3854 923 intra

1075 983 1290 1062 illata
1326 978 1655 1078 mobilia
1688 976 1900 1056 infra
1940 1003 2295 1055 mensem
2326 1004 2372 1055 a
2402 973 2957 1084 publicacione
2979 969 3443 1086 hujusmodi
3473 997 3857 1062 tractatus

1073 1137 1298 1198 extra
1331 1115 1615 1196 efferre
1644 1131 2143 1221 cogerentur.

1187 1256 1483 1336 Iterum
1525 1250 1746 1365 quod
1783 1268 2250 1360 perceptum
2283 1265 2402 1328 est
2444 1248 2543 1329 de
2579 1249 2859 1329 locatis
2893 1247 3267 1331 domibus
3291 1313 3310 1349 ‚
3351 1247 3745 1332 fructibus
3776 1271 3856 1332 et

1073 1390 1506 1473 resditibus
1563 1389 2058 1485 absencium‚
2098 1385 2398 1467 eisdem
2437 1388 2923 1486 restituetur,
2956 1405 3035 1467 et
3077 1387 3288 1467 infra
3340 1389 3773 1469 terminum
3811 1419 3855 1469 a

1069 1529 1474 1640 judicibus
1509 1528 1872 1608 locorum
1897 1522 2430 1605 statuendum.
3822 1517 3839 1528 “

1187 1670 1390 1750 Item
1441 1667 1861 1776 supposito
1921 1662 2142 1774 quod
2200 1663 2299 1748 de
2339 1663 2595 1745 feodis
2649 1683 2729 1745 et
2787 1663 3220 1748 resditibus
3248 1727 3266 1763 ,
3312 1662 3653 1744 durante
3692 1662 3857 1746 dis-

1075 1804 1348 1885 cordia
1373 1867 1392 1900 ‚
1450 1802 2016 1883 Gandavenses
2074 1801 2197 1881 vel
2237 1831 2513 1882 eorum
2577 1830 2945 1911 sequaces
3002 1802 3283 1881 alienis
3335 1799 3689 1882 dominis
3749 1802 3860 1882 fe-

1077 1944 1367 2022 cissent
1398 1940 1688 2020 furtiva
1720 1939 2089 2047 homagia
2116 2000 2135 2036 ‚
2163 1937 2262 2018 de
2303 1939 2623 2049 speciali
2659 1941 2926 2047 gracia
2966 1966 3431 2018 concessum
3470 1955 3588 2018 est
3623 1956 3716 2017 ut
3754 1936 3858 2017 ad

1075 2079 1247 2187 ipsa
1306 2094 1633 2186 possent
1693 2074 1956 2155 redire
2008 2074 2257 2154 libere
2280 2138 2300 2174 ‚
2358 2077 2716 2185 propriis
2763 2093 3031 2155 tamen
3084 2073 3433 2155 dominis
3466 2075 3857 2183 promissa

1079 2211 1456 2293 fidelitate
1479 2276 1497 2311 ,
1533 2229 1624 2292 ut
1656 2211 2008 2292 decebat.

1192 2350 1580 2432 Additum
1627 2354 1918 2432 iterum
1950 2349 2104 2430 fuit
2138 2348 2361 2462 quod
2408 2349 2974 2433 Gandavenses
3007 2370 3087 2431 et
3118 2379 3393 2434 eorum
3438 2349 3861 2458 complices

1080 2491 1644 2569 renunciarent
1682 2485 1999 2598 publice
2022 2506 2101 2566 et
2132 2504 2574 2595 spontanee
2598 2487 2976 2568 omnibus
3006 2487 3520 2568 sacramentis
3548 2503 3630 2564 et
3659 2483 3864 2563 obli-

1079 2625 1549 2733 gacionibus
1582 2624 1996 2732 promissis
2029 2625 2197 2729 regi
2221 2622 2507 2731 Anglie
2531 2624 2655 2703 vel
2688 2625 3245 2706 commissariis
3271 2624 3441 2732 ejus
3460 2684 3480 2720 ‚
3507 2622 3864 2731 jurantes

1081 2758 1304 2872 quod
1342 2758 1444 2839 de
1490 2778 1751 2840 cetero
1791 2760 1956 2838 veri
1992 2757 2458 2863 obedientes
2497 2778 2737 2839 erunt
2755 2823 2775 2859 ‚
2827 2779 2907 2840 et
2938 2757 3161 2871 quod
3199 2760 3548 2838 honores
3572 2820 3591 2855 ‚
3610 2758 3863 2838 ,here-

1083 2895 1374 2976 ditates
1408 2925 1498 2975 ac
1520 2922 1863 3002 corpora
1893 2895 2104 3001 regis
2137 2911 2217 2972 et
2250 2890 2767 2976 dominorum
2809 2894 3295 2975 naturalium
3324 2893 3662 2974 fideliter
3697 2922 3868 2973 cus-

1085 3033 1470 3114 todirent.
2572 3016 2581 3025 ⁰
3596 3024 3603 3032 ⁶

1199 3170 1301 3249 Et
1324 3159 1409 3249 in
1436 3169 1646 3248 calce
1663 3186 2071 3267 tractatus,
2103 3172 2327 3280 cujus
2355 3159 2894 3278 prolixitatem
2925 3173 3381 3251 summatim
3402 3172 3865 3280 perstrinxi,

1086 3336 1188 3387 ne
1244 3304 1651 3386 fastidium
1707 3323 2121 3413 generaret
2138 3368 2157 3404 ,
2214 3308 2698 3418 sequebatur
2750 3337 2769 3385 ι
2815 3342 2853 3382 α
2897 3306 3008 3387 Ut
3052 3327 3317 3387 autem
3355 3324 3631 3388 mutua
3670 3334 3865 3387 con-

1089 3479 1125 3517 a
1180 3441 1456 3524 cordia
1485 3442 1778 3522 futuris
1801 3444 2298 3550 temporibus
2332 3445 2641 3525 stabilis
2667 3463 2984 3525 maneat
3006 3507 3025 3542 ,
3053 3464 3132 3524 et
3158 3462 3251 3525 ut
3280 3442 3583 3525 subditi
3608 3446 3865 3523 nostri

1089 3616 1125 3655 «
1185 3608 1507 3664 manere
1559 3581 1873 3689 possint
1915 3581 2067 3660 sub
2119 3579 2664 3690 pulcritudine
2736 3583 2952 3692 pacis
3005 3601 3086 3662 et
3160 3610 3344 3665 vera
3398 3577 3867 3661 obediencia

1091 3752 1127 3790 «
1187 3747 1375 3826 erga
1417 3716 1835 3797 dominum
1870 3735 2240 3797 nostrum
2277 3747 2544 3827 regem
2585 3737 2665 3799 et
2692 3749 2841 3800 nos
2870 3782 2889 3817 ‚
2929 3717 3032 3799 ad
3072 3715 3533 3799 evitandum
3564 3714 3868 3797 dissen-

1089 3890 1126 3930 oe
1185 3856 1450 3936 siones
1520 3882 2035 3966 quascunque
2058 3916 2080 3952 ,
2135 3854 2501 3937 volumus
2553 3875 2634 3937 et
2696 3855 3162 3939 ordinamus
3201 3871 3294 3939 ut
3330 3853 3643 3935 articuli
3681 3880 3868 3964 pre-

1091 4029 1128 4067 «
1185 3995 1378 4074 tacti
1433 3992 2000 4072 inviolabiliter
2050 4008 2488 4073 serventur.
2540 3993 3069 4074 Prohibemus
3119 3995 3450 4100 insuper
3498 3990 3870 4071 omnibus

1094 4166 1132 4205 «
1189 4130 1536 4214 subditis
1569 4135 1869 4213 nostris
1893 4194 1912 4229 ‚
1955 4158 2056 4213 ne
2106 4134 2523 4213 occasione
2562 4131 2956 4213 dictarum
2995 4130 3586 4211 dissensionum
3616 4131 3867 4237 impe-

1092 4306 1128 4343 «
1191 4247 1420 4350 diant
1460 4270 1582 4350 vel
1611 4267 2003 4376 impedire
2049 4267 2345 4350 faciant
2389 4269 2689 4350 directe
2734 4270 2856 4350 vel
2884 4267 3274 4349 indirecte
3305 4265 3871 4349 Gandavenses

1091 4443 1127 4479 «
1188 4407 1309 4487 vel
1375 4435 1655 4485 eorum
1712 4404 2139 4514 complices
2157 4469 2179 4505 ,
2244 4434 2392 4487 nec
2446 4435 2583 4487 eos
2650 4404 2897 4488 verbo
2937 4382 3059 4487 vel
3109 4406 3321 4487 facto
3341 4468 3361 4505 ‚
3407 4402 3872 4514 opprobriis

1093 4579 1130 4616 κ
1189 4544 1574 4652 injuriare
1606 4562 2071 4651 presumant
2099 4546 2380 4651 quovis
2403 4542 2684 4644 modo;
2706 4562 2786 4625 et
2817 4546 2884 4625 si
2917 4546 3097 4656 quis
3132 4545 3286 4625 hoc
3320 4557 3828 4650 attemptaret
3851 4601 3873 4637 ,

1088 4714 1125 4753 οι
1185 4678 1547 4781 volumus
1559 4676 1779 4787 quod
1803 4677 1908 4759 ab
1938 4677 2347 4760 officiariis
2376 4700 2456 4762 et
2474 4680 2885 4791 judicibus
2908 4681 3209 4763 nostris
3233 4676 3469 4763 velud
3485 4706 3638 4788 pro
3662 4674 3873 4757 facto

1092 4842 1156 4888 α·
1189 4815 1582 4895 criminali
1647 4817 2116 4925 puniantur,
2176 4846 2269 4896 ac
2306 4815 2407 4898 de
2449 4819 2686 4903 bonis
2728 4846 3010 4900 eorum
3076 4822 3288 4926 parti
3333 4819 3488 4900 lese
3520 4813 3874 4897 satisfac--
