4666 6014
1056 670 1202 742 ὅτι,
1517 657 2196 737 CHRONICORUM
2247 645 2608 734 mom
2656 654 2941 728 sEx'rl
2990 654 3169 729 Lm.
3224 656 3361 730 xl.

1061 810 1539 919 corporibus
1624 824 2080 888 constantes
2158 810 2471 889 animos
2544 824 2834 886 natura
2896 832 3065 884 non
3131 810 3472 915 negavit.
3533 841 3571 882 >³
3632 809 3833 890 Inde

1062 965 1460 1030 annuente
1503 973 1721 1054 rege,
1769 941 2129 1024 finitimis
2178 963 2259 1025 et
2293 945 2644 1053 Anglicis
2697 945 3108 1055 utriusque
3148 971 3376 1024 sexus
3428 945 3841 1026 nobilibus

1061 1086 1402 1165 militare
1432 1082 1963 1190 spectaculum
2003 1110 2193 1163 voce
2226 1058 2603 1189 preconia
2650 1080 3022 1189 lituisque
3064 1081 3661 1189 precinentibus
3720 1086 3847 1162 iu-

1067 1222 1224 1303 dici
1258 1236 1726 1302 statuerunt.
1771 1216 2020 1319 Quod
2068 1220 2346 1327 procul
2379 1217 2628 1298 dubio
2675 1245 2901 1296 aures
2938 1217 3369 1297 multorum
3398 1219 3847 1331 obloquen-

1072 1362 1281 1440 cium
1321 1354 1701 1454 offendit,
1756 1374 1836 1434 et
1874 1353 1976 1435 ad
2018 1354 2398 1436 invidiam
2449 1354 2876 1435 concitavit
2919 1356 3439 1435 asserencium
3479 1388 3496 1435 ε
3545 1391 3584 1432 <c
3619 1358 3863 1437 Nunc-

1076 1517 1154 1578 et
1196 1496 1471 1605 procul
1514 1492 1766 1573 dubio
1801 1493 2087 1573 Gallici
2115 1522 2335 1575 suam
2369 1492 2823 1601 superbiam
2858 1486 3442 1601 magnifestan't.
3479 1529 3517 1567 2>

1184 1635 1444 1739 Prope
1483 1648 1843 1711 sanctum
1882 1628 2435 1726 Ydevardum,
2479 1632 2688 1709 inter
2730 1629 3117 1710 Calesium
3158 1647 3237 1709 et
3263 1630 3719 1730 Boloniam,
3772 1634 3858 1712 in

1077 1771 1416 1879 planicie
1447 1769 1866 1875 campestri
1899 1767 2118 1846 locus
2152 1783 2385 1875 aptus
2418 1766 2831 1845 certamini
2857 1766 3026 1875 jam
3047 1766 3524 1846 constitutus
3555 1767 3820 1848 fuerat
3839 1830 3858 1863 ‚

1078 1926 1158 1987 et
1187 1906 1302 1987 ibi
1336 1905 1488 1986 viri
1519 1903 2004 1986 venerabiles
2040 1903 2443 2000 collocati,
2477 1903 2616 2014 qui
2649 1900 3157 1982 advenientes
3183 1902 3471 1982 milites
3505 1919 3585 1984 et
3616 1906 3862 1983 armi-

1079 2072 1308 2153 geros
1348 2042 1691 2149 benigne
1720 2058 1799 2121 et
1831 2041 2037 2120 comi
2065 2039 2337 2120 fronte
2370 2040 2863 2147 susciperent
2884 2101 2902 2137 ‚
2946 2057 3027 2121 et
3059 2068 3340 2122 eorum
3375 2042 3699 2121 nomina
3731 2041 3861 2120 lit-

1080 2182 1270 2260 teris
1324 2174 1974 2260 commendarent
2020 2177 2159 2289 qui
2205 2177 2495 2257 vellent
2534 2174 2742 2258 ludis
2784 2176 3259 2257 militaribus
3298 2179 3703 2257 interesse.
3750 2178 3862 2256 Ut

1081 2319 1329 2397 eciam
1359 2332 1639 2396 cuncta
1673 2341 2022 2422 congrue
2052 2333 2501 2422 agerentur,
2534 2314 2736 2394 sicut
2772 2314 3122 2423 insignes
3147 2315 3211 2408 F
3216 2316 3635 2424 rancigene
3660 2312 3866 2394 adid

1081 2448 1650 2563 agrediendum
1689 2477 1956 2529 amore
1997 2468 2077 2530 et
2115 2447 2442 2534 audacia
2478 2449 3033 2549 movebantur,
3090 2454 3204 2534 sic
3250 2470 3330 2533 et
3379 2449 3681 2559 duplici
3733 2479 3865 2530 or·

1087 2589 1274 2672 dine
1303 2606 1700 2670 certamen
1731 2584 2065 2695 dignum
2095 2586 2501 2668 ducebant
2526 2587 2843 2685 offerri,
2875 2606 2959 2668 et
2997 2616 3146 2697 pro
3175 2591 3409 2697 signo
3448 2586 3612 2668 duo
3652 2605 3871 2669 scuta

1088 2723 1437 2835 appendi
1469 2724 1816 2804 fecerant
1847 2725 1931 2800 in
1961 2722 2141 2802 alba
2190 2725 2421 2832 spina
2456 2724 2911 2834 propinqua
2933 2785 2955 2822 ,
3001 2741 3093 2803 ut
3122 2752 3268 2832 per
3305 2742 3599 2805 tactum
3641 2741 3868 2805 utro-

1091 2889 1426 2973 rumque
1455 2859 1854 2940 videretur
1900 2888 2062 2970 quo
2094 2860 2272 2971 quis
2317 2890 2604 2968 genere
2651 2888 3058 2940 armorum
3116 2864 3235 2940 uti
3284 2862 3516 2942 vellet
3558 2880 3643 2941 et
3674 2889 3867 2941 con-

1093 3027 1412 3080 currere
1452 2998 1911 3109 quinqnieS,
1946 2998 2008 3077 si
2043 2997 2410 3106 placeret.

1208 3137 1325 3214 Ex
1370 3135 1694 3243 Anglia,
1750 3136 2161 3232 Hauonia,
2204 3136 2737 3244 Lothoringia
2774 3153 2853 3215 et
2895 3135 3473 3216 remocioribus
3506 3137 3699 3217 locis
3738 3139 3876 3216 mi-

1096 3275 1267 3353 lites
1316 3292 1394 3353 et
1453 3273 1827 3381 armigeri
1887 3274 2318 3369 miserunt,
2373 3274 2512 3381 qui
2572 3291 2878 3353 scutum
2910 3276 2915 3282 ’
2943 3270 3353 3354 hastiludii
3406 3275 3876 3355 exercicium

1093 3412 1461 3525 jocosum
1522 3427 1601 3489 et
1655 3436 2074 3488 commune
2124 3408 2584 3519 significans
2639 3427 3331 3519 contempnentes,
3387 3408 3601 3489 aliud
3657 3410 3877 3518 quod

1099 3548 1447 3630 duellum
1493 3544 2021 3629 exercendum
2081 3547 2415 3628 notabat
2453 3576 2627 3629 cum
2695 3545 3139 3657 gladiorum
3189 3550 3548 3630 acumine
3599 3550 3876 3656 tetige-

1100 3703 1317 3782 runt,
1340 3682 1561 3796 quod
1585 3712 1838 3792 genus
1856 3712 2122 3792 pugne
2141 3713 2294 3793 pro
2309 3685 2619 3767 viribus
2643 3703 3226 3797 exequuturum
3248 3687 3333 3764 in
3358 3703 3881 3791 provocantes

1102 3821 1454 3904 Gallicos
1496 3820 1992 3931 juraverunt.
2046 3822 2352 3903 Eximie
2393 3822 2823 3930 probitatis
2870 3822 3155 3901 milites
3200 3838 3283 3901 et
3327 3823 3639 3902 emeriti
3692 3822 3879 3904 inde

1101 3960 1385 4039 terreri
1453 3958 1934 4066 potuissent,
1997 3955 2600 4039 adveniencium
2663 3988 3087 4068 corporeas
3164 3975 3655 4058 venustates,
3706 3963 3879 4072 qui·

1105 4097 1255 4175 bus
1290 4096 1637 4203 ingentis
1665 4096 1990 4176 <roboris
2023 4094 2761 4205 correspondebant
2792 4097 3142 4195 habituS,
3173 4094 3697 4177 attendentes.
3724 4096 3880 4176 Sed

1103 4235 1483 4345 quociens
1526 4234 1672 4314 hec
1731 4232 2311 4313 refferebantur
2361 4234 2687 4315 Gallicis
2725 4254 2804 4316 et
2859 4264 3273 4344 aggressus
3323 4233 3883 4344 adgravaretur
3990 4270 3997 4275 ·

1105 4368 1567 4466 difficultaS,
1622 4399 1932 4479 semper
1994 4373 2077 4451 in
2126 4400 2266 4452 ore
2322 4372 2728 4453 habebant
2783 4404 2800 4451 ι
2861 4408 2899 4446 «
2935 4375 3034 4454 Et
3090 4371 3338 4452 ardua
3394 4390 3473 4451 et
3525 4370 3880 4451 difficilia
4016 4390 4021 4395 “

1106 4509 1380 4618 agredi
1444 4527 1657 4593 amat
1722 4510 2010 4608 virtu8‚
2067 4514 2443 4625 scitisque
2504 4510 2764 4592 David
2815 4512 3184 4622 juvenem
3257 4529 3679 4621 gygantem
3754 4514 3876 4590 in-

1108 4647 1528 4730 terfecisse.
1572 4684 1611 4723 n
1646 4647 2006 4742 Verbum
2052 4648 2268 4731 istud
2310 4651 2744 4731 animosius
2794 4651 3012 4761 justo
3061 4650 3469 4758 prolatum
3512 4647 3886 4729 credeba-

1108 4802 1265 4883 tur,
1295 4804 1376 4866 et
1414 4812 1723 4895 semper
1755 4786 2182 4869 temeritati
2211 4816 2300 4868 ac
2348 4787 2716 4895 superbie
2756 4788 3360 4871 ascribebantur
3395 4784 3887 4883 inchoanda3
