4666 6014
1100 622 1242 694 542
1562 605 2242 684 CHRONICORUM
2291 605 2648 682 KAROL!
2694 605 2984 682 SEXTI
3034 608 3210 682 LIB.
3265 609 3404 684 IX.

1211 765 1744 848 Adversitates
1794 776 2194 870 pretactas
2243 762 2645 840 constanti
2693 762 2965 841 animo
3012 762 3298 842 Gallici
3341 761 3826 870 perferentes
3847 828 3867 860 ‚

1100 933 1274 985 cum
1318 900 1562 981 ardor
1596 899 1934 978 marcius
1975 897 2082 975 in·
2104 897 2215 976 eis
2258 923 2571 1006 semper
2607 898 2909 1007 vigeret
2929 961 2948 998 ‚
2990 901 3419 981 successive
3445 918 3526 980 et
3562 899 3872 981 assidue

1094 1038 1691 1149 vigilantissima
1737 1062 1925 1114 cura
1979 1052 2408 1113 nocturnas
2457 1035 3019 1141 persolvebant
3069 1036 3439 1118 excubias
3459 1098 3478 1134 ‚
3531 1039 3716 1145 quia
3771 1035 3872 1115 de

1097 1175 1229 1256 die
1260 1177 1345 1253 in
1370 1173 1582 1254 diem
1611 1173 1881 1252 hostes
1910 1168 2264 1249 adauctis
2288 1171 2597 1251 viribus
2627 1161 3702 1270 nunciabantur'adventare3
3731 1175 3871 1282 qui

1096 1331 1397 1410 tamen,
1438 1328 1530 1390 ut
1566 1306 2073 1417 postmodum
2103 1308 2409 1387 cunctis
2440 1308 2798 1389 innotuit
2817 1370 2836 1407 ‚
2869 1307 3109 1417 longe
3141 1305 3356 1387 aliud
3380 1308 3867 1417 cogitabant.

1097 1451 1306 1532 Nam
1346 1445 1509 1551 dux
1562 1444 1661 1527 de
1708 1444 2033 1525 Guerlia
2085 1442 2475 1553 prefatus,
2539 1445 2899 1556 quamvis
2942 1445 3248 1524 cunctis
3294 1443 3634 1526 ducibus
3678 1445 3870 1525 Ale-

1097 1587 1352 1666 manis
1421 1582 1825 1692 corporeis
1892 1580 2237 1676 viribus,
2316 1609 2722 1661 armorum
2782 1583 3282 1688 experiencia
3332 1599 3723 1691 prestaret
3790 1598 3870 1661 et

1095 1723 1375 1803 bellica
1420 1720 1850 1816 industria,
1891 1719 2187 1827 quique
2235 1717 2321 1814 in
2381 1720 2768 1798 concione
2816 1718 3157 1797 militum
3208 1736 3392 1798 ante
3443 1716 3866 1799 adventum

1095 1860 1588 1939 Francorum
1615 1884 1699 1935 se
1722 1855 1998 1934 mirari
2020 1852 2370 1950 dixerat,
2394 1879 2736 1964 quenam
2764 1871 2968 1935 esset
2998 1854 3144 1932 ista
3179 1856 3396 1933 racio
3420 1873 3513 1933 ut
3541 1853 3865 1951 Gallici,

1096 1996 1237 2105 qui
1289 2023 1430 2075 sua
1465 1990 1922 2073 deffendere
1979 2020 2152 2086 non
2188 1991 2604 2094 valerent,¹
2632 1989 3101 2072 invaderent
3152 1991 3438 2087 aliena,
3488 1993 3712 2100 quasi
3766 1990 3869 2072 ad

1027 2181 1042 2196 ·
1100 2130 1476 2238 injuriam
1505 2125 2000 2218 inferendam
2025 2157 2260 2236 quam
2285 2126 2391 2208 ad
2421 2124 3033 2209 deffendendam
3060 2128 3459 2235 justiciam
3488 2127 3870 2210 forciores
3906 2147 3913 2155 ·

1098 2283 1391 2364 essent3
1426 2266 1584 2345 hiis
1625 2281 1890 2344 tamen
1923 2293 2086 2344 non
2114 2263 2621 2344 obstantibus
2646 2263 2911 2343 verbis
2940 2263 3368 2372 ampulosis
3388 2324 3407 2360 ‚
3446 2265 3632 2371 quia
3664 2264 3872 2371 regis
3902 2237 3909 2245 ⁸

1097 2402 1483 2483 horrebat
1530 2418 1611 2481 ct
1650 2401 2049 2481 metuebat
2093 2391 2542 2510 potenciam
2563 2462 2582 2497 ‚
2621 2401 2783 2510 jam
2834 2427 2979 2507 per
3020 2427 3381 2480 cursores
3421 2401 3684 2509 sepius
3725 2427 3870 2479 ex-

1096 2538 1486 2647 ploratam
1513 2598 1533 2634 ‚
1595 2565 1777 2615 cum
1835 2535 1938 2615 ad
1992 2539 2152 2617 vim
2209 2554 2566 2645 apertam
2640 2534 3136 2616 inferendam
3199 2565 3345 2644 par
3408 2565 3575 2616 non
3636 2555 3869 2633 esset,

1100 2675 1279 2784 plus
1316 2673 1416 2753 de
1450 2673 1698 2754 salute
1740 2672 2068 2780 propria
2109 2702 2347 2783 quam
2387 2671 2880 2752 deffensione
2911 2673 3170 2783 patrie
3226 2672 3638 2766 sollicitus»,
3683 2691 3875 2752 stre-

1099 2813 1388 2891 nuitati
1449 2808 1940 2888 Gallicorum
1982 2806 2260 2888 cedere
2287 2827 2368 2888 et
2408 2838 2586 2888 cum
2628 2810 2789 2888 suis
2835 2809 2921 2888 in
2967 2809 3515 2888 munitissimis
3552 2805 3873 2918 oppidis

1101 2946 1553 3029 delitescere
1593 2942 1966 3028 decrevit.

1213 3084 1554 3164 Genitor
1584 3100 1846 3161 autem
1875 3081 2083 3191 ejus,
2126 3083 2584 3187 sponsionis
2624 3111 2792 3165 non
2833 3082 3279 3182 immemor,
3328 3102 3674 3165 mentem
3730 3083 3873 3167 filii

1100 3220 1581 3300 obstinatam
1620 3215 1933 3297 flectere
1988 3218 2313 3323 cupiens
2337 3279 2357 3314 ,
2412 3220 2673 3325 ipsum
2723 3221 2984 3326 primo
3036 3222 3353 3300 nunciis
3390 3237 3471 3300 et
3518 3221 3875 3330 apicibus

1102 3356 1447 3450 monuit,
1507 3371 1600 3433 ut
1652 3354 2153 3433 temerarium
2221 3382 2505 3434 ausumw
2581 3352 2993 3463 deponens
3052 3356 3397 3464 placaret
3468 3384 3734 3464 regem
3795 3373 3877 3434 et

1100 3489 1492 3571 offensam
1516 3488 1774 3570 eidem
1799 3487 2203 3567 humiliter
2235 3489 2713 3570 emendaret.
2749 3488 2907 3571 Sed
2952 3493 3224 3571 nuncii
3268 3509 3496 3570 atrox
3538 3519 3874 3598 respon-

1100 3658 1273 3709 sum
1329 3628 1790 3709 retulerunt.
1844 3625 2000 3703 Ubi
2048 3643 2310 3706 autem
2358 3627 2632 3707 sensiit
2680 3656 2763 3708 se
2806 3630 2892 3707 in
2934 3657 3226 3708 vanum
3288 3628 3722 3725 laborasse,
3764 3627 3873 3707 ad

1101 3760 1466 3845 eumdem
1496 3781 1827 3842 matrem
1850 3762 2260 3871 propriam
2291 3791 2474 3842 cum
2503 3764 2935 3873 insignium
2967 3766 3321 3844 virorum
3357 3782 3437 3844 et
3459 3763 3877 3843 mulierum

1102 3898 1482 3983 comitatu
1532 3900 1995 3997 destinavit3
2049 3928 2202 4008 que
2254 3898 2533 3980 itidem
2580 3901 2896 3981 blandis
2953 3901 3216 3982 verbis
3270 3920 3351 3981 et
3397 3902 3876 3981 intermixtis

1101 4040 1445 4119 lacrimis
1468 4039 1988 4145 attemptavit.
2006 4034 2160 4115 Sed
2177 4036 2428 4117 multo
2446 4038 2937 4119 obstinacior
2952 4036 3324 4119 adversus
3335 4037 3692 4119 lacrimas
3713 4068 3880 4119 mu-

1100 4177 1387 4257 liebres
1418 4177 1874 4284 persistens,
1908 4201 2053 4253 nec
2083 4174 2196 4257 sic
2223 4202 2365 4254 cor
2394 4175 2562 4283 ejus
2589 4203 2918 4255 saxeum
2945 4177 3214 4283 potuit
3246 4176 3590 4269 emoliri,
3623 4173 3878 4256 donec

1095 4313 1258 4422 jam
1329 4311 1783 4425 quindecim
1836 4309 2115 4391 diebus
2189 4313 2277 4393 in
2331 4313 2723 4393 similibus
2777 4313 3421 4420 persuasionibus
3474 4312 3640 4421 jam
3696 4340 3882 4393 con-

1101 4455 1436 4563 sumptis
1456 4514 1475 4552 ,
1506 4453 2147 4560 archiepiscopus
2181 4453 2676 4535 Coloniensis
2701 4456 2850 4535 hac
2887 4454 2988 4535 de
3010 4442 3238 4536 ca'usa
3277 4454 3380 4536 ad
3411 4485 3590 4536 eum
3624 4485 3883 4537 acces-

1104 4590 1353 4671 sisset.
1373 4585 1813 4669 Attendens
1844 4615 2184 4698 namque
2208 4590 2535 4671 sollicite
2568 4595 2786 4701 quod
2819 4592 3422 4702 proverbialiter
3451 4591 3610 4674 dici
3638 4593 3873 4674 solet:

1557 4746 1979 4815 Τωιοωανοε
2010 4745 3197 4840 αςίων,Ρω’ἰο-ςσωπρνοωὺηηεανᾶοι,
