4666 6014
1111 616 1204 685 70
1616 607 2299 682 CHRONICORUM
2348 607 2704 685 KAROLI
2731 610 3038 685 -SEXTI
3088 612 3265 687 LIB.
3318 613 3377 684 Ι.

1108 787 1281 838 rem
1327 759 1778 869 priscorum
1823 777 2258 856 servantes,
2318 761 2560 841 sacris
2609 762 2962 843 vestibus
3015 761 3279 844 induti
3298 823 3320 861 ,
3372 780 3600 843 extra
3637 762 3897 842 valvas

1108 896 1435 976 ecclesie
1466 912 1971 1004 expectantes
1995 925 2177 976 cum
2205 898 2559 979 textibus
2590 899 3205 1008 Evangeliorum
3244 916 3325 978 et
3351 901 3578 979 omni
3607 918 3899 979 ornatu

1108 1032 1674 1131 ecclesiastim,
1731 1030 2101 1113 eumdem
2153 1062 2336 1115 cum
2390 1036 2770 1144 hympnis
2819 1054 2901 1115 et
2946 1038 3275 1117 canticis
3310 1035 3893 1146 spiritualibus,

1106 1168 1586 1249 Trinitatem
1614 1168 1976 1250 altisonis
2003 1172 2333 1252 vocibus
2374 1171 2953 1271 collaudanteS,
2999 1174 3087 1253 in
3128 1173 3532 1253 ecclesiam
3575 1201 3895 1281 proces-

1102 1306 1515 1386 sionaliter
1547 1304 2200 1389 introduxerunt.
2226 1311 2388 1391 Ubi
2419 1330 2606 1420 post
2634 1329 2957 1420 peracta
2977 1312 3403 1392 missarum
3433 1310 3896 1420 solempnia,

1103 1444 1425 1525 ecclesie
1460 1465 2003 1526 sacrosanctas
2045 1446 2420 1559 reliquias
2465 1446 2786 1548 devote,
2822 1436 2935 1531 'ut
2967 1468 3134 1564 etas
3166 1448 3655 1559 paciebatur,
3699 1445 3895 1529 ado-

1104 1583 1343 1679 ravit3
1381 1581 1655 1693 ibique
1709 1581 1838 1663 die
1878 1583 2270 1694 solempni
2325 1587 2413 1666 in
2443 1586 2706 1667 leticia
2754 1605 2836 1668 et
2865 1585 3318 1697 dapsilitate
3365 1604 3678 1686 exact0,
3713 1615 3894 1694 gra-

1103 1737 1368 1799 tanter
1403 1745 1726 1832 quoque
1758 1725 2094 1834 receptis
2121 1725 2381 1804 aureis
2420 1724 2708 1806 oblatis
2749 1714 3102 1806 enceniis
3120 1787 3141 1823 ‚
3174 1743 3419 1834 prout
3454 1724 3899 1804 incolarum

1009 1871 1019 1880 '
1103 1857 1565 1964 paciebatur
1588 1856 1919 1939 facultas
1938 1922 1957 1959 ,
1991 1859 2482 1942 Silvanetum
2507 1863 2751 1970 peciit
2768 1924 2788 1959 ‚
2823 1861 2967 1944 ubi
2996 1862 3450 1944 vicinorum
3479 1888 3897 1941 nemorum

1102 1995 1529 2073 amenitate
1552 2011 1907 2077 tractans
1927 2059 1945 2095 ,
1977 2026 2156 2078 cum
2181 2027 2328 2107 per
2354 1997 2849 2110 quindenam
2870 1996 3622 2108 circumadjacentes
3655 1997 3897 2078 saltus

1100 2129 1447 2211 venandi
1478 2134 1741 2240 gracia
1774 2153 2259 2243 peragraret,
2294 2136 2484 2216 huic
2513 2138 2692 2216 ocio
2722 2164 2948 2215 more
2967 2137 3467 2215 Francorum
3496 2137 3893 2231 insistenS,

1100 2294 1354 2348 unum
1385 2270 1811 2376 contingit,
1849 2297 2078 2350 causa
2115 2272 2403 2379 spacii,
2437 2272 2571 2351 hic
2602 2270 3077 2352 notandum.

1213 2402 1582 2506 Quadam
1639 2434 1985 2518 namque
2030 2405 2160 2487 die
2180 2471 2198 2506 ,
2256 2438 2438 2489 cum
2479 2411 2749 2518 gracia
2797 2406 3132 2491 tollendi
3180 2408 3485 2491 fastidii
3525 2427 3899 2489 venatum

1100 2542 1456 2642 abiisset,
1491 2545 1703 2623 inter
1733 2571 2150 2624 cervorum
2193 2547 2514 2654 agmina
2554 2543 2982 2658 quemdam
3011 2549 3293 2627 ceteris
3333 2547 3898 2655 speciosiorem

1099 2677 1342 2780 vidit,
1400 2681 1696 2761 mirum
1744 2678 1969 2761 dictu
2012 2701 2093 2762 et
2128 2701 2491 2792 aspectu,
2544 2684 2749 2764 collo
2792 2683 3207 2765 collarium
3240 2712 3622 2793 cupreum
3656 2682 3895 2765 deau-

1100 2835 1398 2918 ratum,
1441 2818 1728 2898 litteris
1752 2821 2328 2931 antiquissimis
2355 2823 3053 2931 circumscriptum
3071 2884 3089 2919 ,
3126 2818 3650 2918 deferentem
3683 2848 3898 2899 cum-

1101 2981 1295 3066 que,
1349 2982 1447 3035 eo
1488 2954 1858 3065 jubente,
1929 2956 2232 3069 absque
2286 2957 2659 3056 canibus,
2721 2954 2863 3040 sed
2917 2956 3179 3039 solum
3235 2985 3418 3038 cum
3475 2955 3898 3038 tendiculis

1098 3094 1480 3173 venaticis
1522 3111 1801 3202 captus
1855 3113 2090 3194 esset,
2142 3095 2376 3176 multi
2421 3124 2520 3176 ex
2568 3096 3018 3204 legentibus
3078 3079 3558 3205 scripturam
3606 3093 3893 3174 retule-

1101 3247 1294 3309 runt
1321 3231 1409 3309 in
1444 3230 1695 3310 latino
1727 3232 2141 3312 continere
2169 3262 2186 3312 :
2212 3266 2254 3307 (ε
2294 3233 2546 3313 Cesar
2569 3233 2719 3314 lzoc
2751 3233 2992 3314 michi
3022 3233 3364 3312 donavit.
3388 3266 3426 3306 2>
3456 3231 3688 3312 Unde
3716 3259 3897 3311 cum

1100 3369 1268 3475 regi
1324 3370 1844 3448 asseruissent
1893 3397 1939 3447 a
1981 3370 2346 3478 tempore
2395 3370 2438 3447 J
2440 3369 2611 3449 ullii
2654 3371 2961 3451 Cesaris
3011 3369 3133 3450 vel
3178 3370 3514 3479 alicujus
3561 3371 3897 3479 impera-

1097 3506 1296 3586 toris
1353 3505 1512 3585 huc
1563 3534 1817 3618 usque
1866 3507 2158 3587 animal
2214 3508 2335 3622 ibi
2391 3510 2775 3588 mansisse
2793 3572 2814 3609 ,
2871 3537 3014 3589 rex
3071 3505 3262 3588 inde
3315 3507 3516 3590 letus
3566 3506 3896 3587 effectus

1097 3669 1417 3720 cervum
1456 3642 1823 3749 permisit
1879 3642 2126 3722 abire.
2172 3643 2275 3722 Et
2321 3646 2511 3756 quia
2560 3642 2645 3730 id
2689 3672 3104 3756 nunquam
3153 3645 3412 3725 visum
3468 3642 3730 3723 fuerat
3777 3642 3899 3722 vel

1098 3774 1463 3857 auditum
1481 3839 1499 3876 ,
1560 3778 1646 3856 in
1687 3778 2160 3860 invencione
2223 3781 2394 3891 ejus
2443 3754 2755 3863 tantam
2809 3781 3479 3893 complacenciam
3519 3782 3765 3889 cepit,
3807 3797 3899 3859 ut

1099 3912 1474 4022 deinceps
1509 3914 1598 3994 in
1635 3917 1840 3995 vasis
1894 3918 2136 4027 regiis
2179 3920 2442 4000 aureis
2473 3936 2555 3999 et
2592 3921 2991 4030 argenteis
3031 3937 3115 4001 et
3162 3920 3387 4000 omni
3434 3915 3896 4024 supellectili

1098 4078 1488 4160 pomposa
1546 4079 1868 4136 cervum
1919 4054 2319 4136 volantem
2363 4073 2448 4136 et
2493 4084 2885 4139 coronam
2915 4055 3126 4138 collo
3164 4069 3571 4163 gerentem
3605 4051 3898 4131 faceret

1098 4186 1463 4298 figurare.
