4666 6014
1072 639 1216 713 238
1541 627 2226 704 CHRONIGORUM
2277 625 2635 701 KAROL‘I
2685 625 2971 701 SEX'II
3006 628 3196 703 m.
3251 628 3380 704 m.

1071 786 1490 866 carceratis
1540 779 1739 879 duo,
1787 803 2134 892 quorum
2186 803 2395 859 unus
2448 778 2886 860 aurificinis
2950 757 3430 862 inserviebat
3480 782 3859 890 publicis,

1070 926 1267 1004 alter
1303 918 2049 1030 comparacionibus
2089 909 2589 1028 pannorum,
2630 918 2740 997 ob
2788 935 3244 1028 perpetrata
3297 919 3703 1000 scelera’in
3734 950 3865 1002 re-

1068 1063 1282 1170 giam
1323 1059 1815 1169 majestatem
1858 1059 2084 1167 prius
2127 1074 2375 1154 tacta,
2419 1055 2839 1164 capitalem
2886 1058 3374 1136 sentenciam
3417 1059 3861 1142 subierunt.

1065 1199 1292 1278 Uxor
1325 1214 1591 1277 tamen
1632 1195 2017 1275 aurifabri
2071 1222 2342 1275 casum
2388 1185 2745 1274 reddidit
2792 1189 3265 1303 lugendum,
3312 1205 3467 1306 que
3497 1200 3865 1304 proxima

1068 1337 1339 1445 partui
1386 1353 1579 1415 erat.
1638 1335 1844 1416 Nam
1889 1331 2159 1414 audita
2191 1333 2727 1442 ignominiosa
2758 1351 3018 1412 morte
3045 1333 3233 1432 viri,
3268 1333 3613 1413 femineo
3646 1364 3866 1415 more

1069 1474 1494 1581 per-territa
1542 1492 1625 1552 et
1690 1471 1881 1556 inde
1930 1501 2202 1552 amens
2249 1471 2569 1568 effecta,
2614 1497 2763 1580 pre
2811 1469 3078 1552 cordis
3130 1469 3670 1551 amaritudine
3722 1501 3865 1582 per

1065 1610 1452 1690 fenestras
1509 1608 1797 1690 domus
1855 1637 1995 1689 sue
2045 1607 2473 1717 prosiliens
2491 1670 2510 1705 ,
2552 1637 2802 1717 super
2846 1626 3188 1690 stratam
3234 1612 3539 1718 regiam
3558 1610 3867 1702 cecidit

1067 1772 1248 1827 cum
1287 1773 1431 1828 suo
1467 1747 1640 1827 fetu
1675 1743 2187 1826 moribunda.

1181 1887 1497 1968 Exactis
1554 1887 1912 1998 quinque
1973 1883 2291 1985 diebus,
2354 1888 2508 1967 hoc
2568 1886 2981 1966 nonnullis
3024 1886 3643 1996 suggerentibus
3676 1889 3863 1994 regi

1070 2043 1149 2105 et
1182 2022 1522 2104 ducibus
1544 2086 1562 2122 ,
1585 2023 1918 2104 cathene
1947 2024 2227 2122 ferree,
2262 2027 2418 2134 que
2449 2020 2548 2103 de
2568 2043 2809 2104 nocte
2829 2025 3025 2105 vicis
3056 2025 3394 2132 singulis
3416 2022 3866 2108 tendeban-

1068 2181 1225 2258 tur,
1262 2162 1524 2242 avulse
1566 2181 1756 2242 sunt
1798 2181 1877 2241 et
1909 2159 2010 2242 ad
2046 2192 2323 2243 nemus
2357 2162 2842 2244 Vicenarum
2890 2160 3169 2242 delate.
3223 2161 3507 2243 Edicto
3542 2190 3865 2273 quoque

1066 2301 1327 2408 regi0,
1399 2296 1918 2408 superaddita
2006 2328 2214 2409 pena
2276 2303 2599 2397 mortis,
2662 2328 2940 2380 omnes
3009 2300 3222 2378 ferre
3278 2327 3498 2377 arma
3552 2328 3690 2378 sua
3760 2297 3862 2377 ad

1064 2437 1462 2518 Palacium
1481 2437 1792 2545 regium
1819 2435 2064 2516 velad
2080 2438 2486 2547 Luparam
2502 2438 2893 2547 jubeptur
2914 2467 2935 2536 3
2958 2435 3179 2517 unde
3208 2463 3619 2516 armorum
3642 2419 3865 2516 tanta

1065 2573 1298 2682 copia
1340 2571 1638 2652 tradita
1679 2591 1838 2670 est,
1898 2571 2121 2684 quod
2171 2602 2324 2681 pro
2377 2572 2783 2655 armandis
2822 2575 3305 2682 octingentis
3340 2571 3672 2654 milibus
3724 2574 3870 2654 ho-

1064 2712 1374 2789 miuum
1425 2707 1751 2821 quidam
1822 2707 2204 2789 dicebant
2258 2709 2645 2790 sufficere.
2705 2711 3005 2789 Iterum
3060 2727 3152 2789 ut
3208 2711 3364 2817 ipsi
3424 2711 3627 2818 regi,
3658 2736 3863 2791 cum

1064 2849 1387 2959 quantis
1420 2847 1576 2928 sibi
1607 2847 1987 2955 placeret,
2035 2844 2544 2957 ingrediendi
2585 2865 2665 2929 et
2709 2844 3173 2955 egrediendi
3205 2846 3489 2926 urbem
3528 2846 3863 2929 liberam

1064 2986 1399 3067 haberet
1456 3003 1934 3096 potestatem
1953 3048 1971 3084 ,
2034 2987 2309 3067 invitis
2360 2989 2611 3068 eciam
2669 2986 2973 3066 civibus
2993 3048 3012 3084 ,
3077 2982 3475 3079 destructa
3533 2987 3863 3097 antiqua

1064 3142 1303 3233 porta
1331 3124 1588 3204 sancti
1634 3126 2019 3223 Antonii,
2054 3126 2138 3204 in
2178 3123 2461 3206 eodem
2505 3125 2897 3204 suburbio
2938 3142 3288 3203 castrum
3333 3122 3864 3205 fortissimum

1065 3291 1111 3340 a
1169 3279 1396 3369 patre
1455 3261 1955 3360 inchoatum,
2014 3291 2274 3374 usque*
2335 3262 2438 3343 ad
2492 3290 2894 3343 summum
2948 3261 3320 3370 perfecit,
3380 3278 3460 3340 et
3508 3278 3865 3369 ³propter

1065 3397 1426 3481 eamdem
1465 3428 1782 3481 causam
1825 3403 2120 3480 turrim
2169 3400 2550 3499 validam,
2604 3426 2845 3512 quam
2877 3401 3137 3481 amnis
3158 3398 3542 3509 ‘Sequane
3580 3398 3863 3481 subtus

1064 3534 1441 3634 ambi-ret,
1481 3560 1736 3643 prope
1759 3538 2172 3645 -Luparam
2203 3541 2687 3619 construxit.

1115 3646 1331 3752 :Die
1395 3672 1740 3752 secunda
1819 3675 2132 3757 sabbati
2199 3677 2439 3788 hujus
2502 3678 2832 3772 mensi&
2901 3674 3209 3754 ducissa
3271 3660 3861 3753 Aurelianensis

1064 3808 1515 3891 veneranda
1539 3810 1886 3891 Parisius
1919 3814 2270 3913 veniens,
2300 3814 2568 3897 verbis
2598 3812 2911 3895 lenibus
2938 3873 2956 3908 ,
2986 3808 3296 3891 vallidis
3325 3839 3647 3922 quoque
3686 3839 3864 3917 pre-

1066 3944 1293 4027 cibus
1333 3946 1690 4026 fiirorem
1724 3950 1931 4058 regis
1976 3968 2055 4030 et
2098 3953 2560 4061 principum
2598 3950 2968 4058 mitigare
3002 3949 3439 4057 temptavit.
3475 3945 3630 4026 Sed
3675 3950 3863 4059 quia

948 4142 962 4149 -
1065 4083 1435 4165 nundum
1486 4105 1810 4167 venerat
1853 4106 2164 4198 tempus
2211 4084 2682 4185 miserandi,
2745 4083 3153 4166 modicum
3207 4084 3588 4195 profecit,
3652 4103 3732 4164 et
3779 4084 3863 4165 id

1063 4223 1325 4307 solum
1378 4223 1768 4325 obtinuit,
1830 4244 1920 4304 ut
1954 4227 2272 4336 justicia
2315 4227 2416 4309 de
2448 4243 2772 4337 septem
2828 4222 3508 4320 malefactoribus,
3565 4226 3708 4335 qui
3761 4220 3860 4303 ad

1065 4360 1624 4443 doeollandum
1691 4362 2228 4464 ducebantur,
2304 4394 2557 4478 usque
2618 4363 2723 4444 ad
2780 4359 3325 4445 ‚ebdomadam
3396 4376 3859 4473 sequentem

1065 4498 1553 4581 differretur.
1600 4498 1893 4581 Eadem
1947 4504 2197 4582 eciam
2241 4502 2414 4601 die,
2458 4500 2642 4582 cum
2700 4519 3010 4580 rectore
3043 4500 3596 4583 Universitatis
3645 4501 3860 4578 Pari-

1064 4639 1343 4719 siensis
1375 4639 1979 4719 excellenciores
1995 4634 2386 4721 doctores
2414 4659 2502 4720 ‘et
2522 4640 2887 4748 magistri
2923 4666 3190 4749 regem
3220 4635 3629 4735 adierunt,
3662 4666 3855 4744 sup-

1068 4776 1377 4884 pliciter
1449 4774 1966 4899 deposcentes
2037 4796 2129 4857 ut
2199 4781 2654 4889 priscorum
2715 4779 3045 4886 vestigia
3112 4794 3584 4891 sequeretur
3609 4837 3627 4872 ,
3718 4775 3855 4886 qui
