4666 6014
1099 702 1193 774 32
1605 686 2289 766 CHRONICORUM
2339 684 2695 760 mot-1
2746 686 3031 761 813le
3070 690 3248 761 LIB.
3299 690 3394 762 1.-

1096 844 1458 926 nivencia
1514 845 1722 949 regis
1778 841 1932 918 hoc
1993 838 2421 946 processit,
2483 833 2918 945 prandium
2974 835 3333 917 reddidit
3386 835 3886 945 gaudiosum.

1094 979 1339 1083 Quod
1384 999 1474 1060 ut
1527 978 2132 1058 continuaretur
2177 972 2865 1082 magnificencius‚
2922 973 3599 1053 conestabularius
3639 1002 3893 1067 novun

1096 1137 1173 1199 et
1206 1119 1539 1199 Francie
1577 1112 2073 1193 marescallus
2121 1112 2340 1191 Sacri
2377 1112 2688 1190 Cesaris
2727 1107 3180 1193 Ludovicus
3217 1128 3616 1222 equestres
3649 1140 3896 1220 prop-

1097 1275 1218 1334 ter
1251 1254 1859 1362 impressionem
1905 1250 2451 1329 assistencium
2486 1247 2780 1326 fercula
2825 1276 3092 1327 mense
3140 1248 3354 1356 regie
3386 1247 3886 1346 obtulerunt3
3943 1300 3990 1339 a

1097 1394 1421 1504 antique
1486 1389 1859 1486 historie,
1914 1383 2260 1496 prandio
2323 1382 2852 1494 perdurante2
2903 1383 3249 1491 effigiate
3301 1384 3631 1466 fuerunt
3655 1448 3674 1482 ,
3735 1414 3890 1496 que

1098 1529 1465 1609 convivas
1507 1523 1938 1604 redderent
1960 1523 2324 1619 leciores;
2353 1539 2465 1621 et,
2501 1520 3004 1632 breviloquio
3034 1539 3265 1600 utens
3284 1582 3305 1620 ‚
3332 1521 3444 1600 nil
3479 1522 3592 1601 ibi
3617 1519 3885 1607 ,defuit

1097 1664 1319 1779 quod
1354 1661 1668 1744 deceret
1694 1662 2333 1770 solempnitatem
2367 1659 2886 1741 celebriorem
2924 1656 3284 1745 reddere,

2057 2520 2736 2699 GAPrrULiJ’M
2789 2590 2935 2672 1v.

1101 2823 1225 2884 Rex
1266 2822 1512 2883 Parisius
1544 2820 1856 2882 honorifice
1884 2812 2160 2903 ‘receptus
2190 2834 2307 2896 est;
2357 2842 2548 2901 comes
2577 2824 2760 2882 eciam
2790 2790 2983 2883 Sancti
3016 2823 3179 2883 Pauli
3209 2844 3342 2884 cum
3372 2843 3503 2904 rege
3534 2822 3886 2903 pacificatur.

1216 3053 1415 3134 Cum
1449 3049 1787 3132 feodalia
1825 3052 2007 3159 jura
2047 3070 2128 3131 et
2158 3050 2566 3134 fidelitatis
2605 3055 3059 3165 juramenta
3105 3055 3272 3162 regi
3310 3055 3674 3163 precioso
3708 3051 3895 3159 dya-

1102 3191 1410 3272 demate
1449 3192 1837 3298 insignito
1879 3192 2285 3299 principes
2317 3209 2401 3271 et
2440 3191 2782 3271 barones
2824 3190 3324 3290 manualiter,
3363 3189 3896 3302 subsequente

1100 3327 1383 3408 humili
1423 3328 1692 3407 osculo
1713 3389 1735 3423 ,
1786 3326 2384 3435 persolvissent,
2448 3331 2747 3437 ipsum,
2813 3327 3064 3409 biduo
3126 3358 3295 3409 non
3357 3346 3636 3407 exacto
3657 3389 3677 3426 ‚
3748 3353 3892 3436 per

1104 3466 1620 3574 Campaniam
1657 3482 1737 3545 et
1770 3462 2210 3544 Picardiam
2245 3467 2591 3546 Parisius
2637 3462 3016 3546 reducere
3060 3483 3690 3564 maturaverunt,
3723 3493 3890 3570 non

1101 3605 1450 3682 sinentes
1475 3630 1653 3681 eum
1682 3620 1947 3681 tamen
1977 3603 2200 3681 villas
2238 3621 2584 3684 muratas
2609 3622 2748 3685 aut
2780 3606 3134 3684 civitates
3163 3601 3515 3712 ingredi,
3540 3601 3683 3683 ubi
3715 3630 3893 3682 cum

1102 3768 1411 3818 summo
1443 3740 1714 3818 favore
1743 3740 2314 3848 expectabatur
2355 3759 2442 3822 et
2475 3743 2786 3849 ingenti
2826 3759 3240 3849 apparatu.
3286 3744 3895 3819 Antecaesomm

1104 3903 1376 3984 regum
1404 3903 1700 3955 morem
1739 3876 2097 3956 sciebant
2119 3877 2525 3990 hucusque
2557 3878 2974 3958 inolevisse
2993 3939 3012 3976 ,
3042 3875 3265 3988 quod
3296 3904 3439 3986 per
3469 3904 3598 3955 eas
3631 3894 3892 3954 trans-

1104 4031 1379 4092 euntes
1408 4013 1961 4093 liberalitatem
1990 4017 2290 4123 regiam
2324 4017 2409 4094 in
2445 4013 3017 4095 confirmandis
3047 4013 3552 4094 libertatibus
3580 4030 3660 4091 et
3692 4011 3892 4090 libe-

1105 4147 1379 4229 randis
1407 4152 1743 4259 captivis
1761 4151 2267 4232 exercebant.
2296 4151 2456 4232 Sed
2480 4151 2635 4232 hoc
2664 4155 2992 4233 minime
3015 4152 3589 4261 permiserunt,
3625 4147 3902 4228 multis

1103 4285 1632 4370 referentibus
1649 4352 1669 4389 ,
1697 4293 1839 4401 qui
1864 4319 2095 4371 cause
2123 4310 2425 4371 secreta
2450 4308 2842 4372 noverant
2861 4353 2880 4389 ‚
2906 4319 3010 4369 ne
3034 4286 3614 4396 regnicolarum
3640 4287 3894 4365 victus

1098 4411 1405 4504 vallidis
1429 4428 1805 4534 precibus
1833 4426 1935 4507 de
1968 4429 2208 4536 regiis
2238 4426 2621 4508 subsidiis
2649 4425 2956 4538 aliquid
2990 4425 3400 4504 relaxaret.
3424 4425 3602 4504 Hoc
3627 4442 3894 4503 tamen

1103 4563 1189 4642 in
1229 4563 1516 4642 itinere
1549 4567 1855 4644 cunctis
1901 4562 2463 4675 displicencius
2505 4567 2760 4646 visum
2799 4564 2994 4663 fuit,
3038 4560 3297 4674 quod,
3342 4591 3520 4643 cum
3558 4559 3896 4641 tendens

1101 4699 1446 4779 Parisius
1466 4763 1484 4798 ,
1528 4701 1633 4780 ab
1663 4701 1988 4780 ecclesia
2022 4700 2234 4780 beati
2267 4703 2670 4810 Dyonisii,
2706 4703 3039 4781 Francie
3078 4699 3500 4810 peculiaris
3533 4696 3893 4807 patroni,

1100 4837 1355 4917 solum
1394 4866 1539 4947 per
1593 4839 1897 4918 miliare
1938 4836 2310 4939 distaret,
2341 4840 2485 4942 ubi
2525 4827 3014 4922 venerabiles
3058 4838 3306 4920 abbas
3346 4855 3427 4920 et
3456 4851 3898 4920 conventus
