4666 6014
1151 703 1296 774 728
1608 691 2288 767 CHRONICORUM
2338 687 2693 762 K·AROL1
2742 681 3027 760 81²}le
3075 681 3252 757 LIB.
3307 681 3476 759 XII.

1139 846 1437 927 10511111
1462 861 1541 923 et
1570 842 1841 924 eadem
1870 843 2072 922 hora
2099 841 2407 922 evocari
2434 839 2691 951 jussit.
2723 835 3038 938 Quibus
3064 835 3630 944 benignissime
3661 859 3935 947 recep-

1157 986 1258 1065 tis
1304 984 1676 1062 timorem
1715 979 1977 1059 verbis
2015 977 2329 1057 lenibus
2373 978 2753 1073 excussit,
2806 1001 3099 1082 rogans
3139 987 3231 1053 ut
3272 972 3634 1085 sequenti
3676 972 3807 1054 die
3847 976 3932 1054 in

1155 1119 1442 1227 majori
1483 1116 1803 1196 ecclesia
1844 1115 2183 1195 civitatis
2216 1141 2686 1222 responsum
2719 1110 3138 1220 pacificum
3170 1099 3525 1190 audituri
3560 1115 3937 1192 conveni-

1157 1270 1360 1334 rent.
1401 1254 1495 1331 In
1519 1253 1940 1360 proposito
1971 1245 2354 1329 remansit
2382 1277 2526 1359 per
2557 1246 3095 1328 fidelissimam
3117 1244 3513 1328 ducissam
3545 1251 3658 1328 sic
3689 1267 3943 1334 muta-

1158 1411 1324 1490 tus,
1373 1407 1453 1470 et
1497 1417 1680 1469 cum
1723 1388 1920 1469 duce
1960 1388 2259 1472 Biturie
2298 1387 2574 1494 legatis
2624 1387 2975 1466 invicem
3015 1385 3552 1494 congregatiS,
3599 1384 3807 1467 dixit
3857 1415 3940 1467 se

1158 1546 1236 1606 et
1290 1556 1426 1607 sua
1495 1525 1836 1606 arbitrio
1894 1526 2100 1633 regis
2149 1552 2354 1623 esse,
2404 1521 2504 1602 ad
2560 1550 2896 1634 eumque
2946 1517 3352 1620 accedere,
3417 1540 3509 1602 ut
3555 1522 3936 1630 jusserat,

1162 1676 1425 1774 prono
1482 1664 1752 1742 animo
1807 1678 2199 1770 paratum.
2254 1661 2348 1738 In
2409 1660 2790 1771 brevique
2840 1655 3078 1737 fidem
3130 1657 3395 1738 verbis
3445 1647 3777 1758 faciens,
3839 1690 3933 1741 ex

1156 1802 1417 1882 electis
1469 1801 1856 1879 militibus
1896 1818 1974 1879 et
2010 1799 2425 1907 armigeris
2468 1800 2725 1906 patrie
2774 1796 3403 1909 quadringentos
3449 1795 3551 1877 ad
3590 1827 3935 1907 unguem

1157 1942 1529 2020 loricatos
1595 1965 1854 2017 secum
1921 1963 2275 2033 5111116115,
2324 1935 2675 2015 Turonis
2744 1936 2861 2014 ire
2902 1934 3210 2042 magnis
3249 1934 3672 2015 itineribus
3736 1964 3933 2017 con-

1153 2075 1440 2156 tendit.
1493 2117 1494 2120 ¹

1116 2200 1127 2215 ’
1269 2211 1392 2293 Ad
1443 2213 1598 2292 sibi
1646 2209 2138 2292 domicilium
2179 2229 2686 2324 preparatum
2721 2238 2865 2318 per
2916 2209 3195 2291 ducem
3250 2210 3741 2319 Burgundie,
3793 2217 3931 2320 qui

1156 2366 1577 2459 cognatam
1611 2373 1833 2428 suam
1876 2348 2210 2430 duxerat
2255 2376 2624 2447 uxorem,
2678 2347 3123 2428 honorilice
3164 2345 3633 2457 perductuS,
3671 2348 3933 2457 jussus

1156 2505 1276 2566 est
1301 2488 1416 2566 ibi
1456 2513 1807 2596 manere,
1853 2485 2109 2570 donec
2139 2503 2599 2567 evocaretur
2628 2515 2676 2566 a
2716 2515 2923 2595 rege.
2959 2488 3145 2588 Quo
3188 2488 3457 2596 spacio
3489 2516 3669 2567 cum
3704 2471 3931 2596 aulici

1157 2626 1569 2734 utriusque
1601 2622 1907 2704 domini
1937 2643 2212 2714 mutua
2243 2612 2703 2708 visitacione
2730 2622 2886 2704 sibi
2928 2625 3262 2706 invicem
3312 2620 3650 2733 dignum
3697 2623 3933 2704 duce-

1154 2780 1336 2844 rent
1391 2762 1917 2869 complacere,
1979 2761 2081 2841 ab
2138 2763 2251 2840 eis
2309 2758 2765 2841 dubitatum
2823 2778 2943 2841 est
2991 2790 3096 2840 ne
3157 2758 3469 2841 modica
3520 2761 3932 2841 occasione

1156 2916 1531 3012 sequente
1582 2927 1822 3007 grave
1856 2899 2422 2979 inconveniens
2462 2915 2946 3011 sequeretur.
3000 2899 3204 2978 Nam
3244 2896 3571 3010 quidam
3620 2926 3716 2978 ex
3760 2926 3929 3006 gre-

1160 3039 1437 3144 gariis,
1497 3056 1589 3117 ut
1640 3054 1719 3116 et
1766 3038 2035 3147 lingua
2085 3054 2165 3116 et
2221 3038 2520 3146 patria,
2584 3039 2701 3115 sic
2754 3052 2833 3116 et
2886 3035 3567 3118 disconveniencia
3617 3066 3930 3117 morum

1161 3191 1390 3252 erant
1421 3169 1873 3271 dissimiles;
1917 3175 2126 3253 inter
2160 3162 2363 3283 quos
2392 3171 2587 3253 duni
2632 3176 3052 3253 contencio
3084 3174 3425 3254 verbalis
3460 3174 3619 3282 pile
3657 3173 3933 3255 ludum

1161 3308 1605 3427 exercendo
1627 3326 1841 3390 mota
1869 3328 2070 3391 esset
2089 3373 2108 3409 ‚
2145 3340 2352 3391 unus
2382 3311 2676 3391 horum
2713 3310 2817 3391 ab
2844 3310 3164 3422 injuriis
3192 3312 3616 3393 verborum
3665 3309 3766 3392 ad
3785 3315 3939 3391 ira-

1159 3446 1530 3527 cundiam
1578 3449 1998 3547 excitatus,
2051 3460 2361 3528 scutum
2403 3445 2660 3557 ducis,
2713 3447 2931 3558 quod
2970 3476 3209 3558 super
3257 3450 3500 3529 limen
3543 3446 3931 3529 domicilii

1158 3603 1327 3664 erat
1359 3585 1822 3669 exharatum
1847 3647 1866 3683 ,
1897 3586 2067 3666 luto
2100 3610 2566 3695 respergens
2589 3583 3066 3695 deturpavit.
3107 3587 3255 3666 Per
3296 3587 3651 3694 hospicia
3682 3584 3936 3667 Brito—

1158 3753 1351 3802 num
1397 3751 1584 3817 mox
1632 3727 2033 3815 temeritas
2063 3710 2499 3832 divulgata,
2538 3754 2697 3837 ,que
2736 3727 2821 3803 in
2863 3724 3244 3832 injuriam
3282 3723 3503 3805 ducis
3536 3722 3935 3818 redunda-

1160 3862 1334 3957 bat3
1377 3877 1465 3955 ut
1500 3861 1966 3940 naturaliter
2008 3862 2250 3969 proni
2290 3879 2479 3942 sunt
2512 3860 2614 3941 ad
2648 3862 3133 3969 ignominias
3171 3859 3732 3960 vindicandaS,
3766 3861 3932 3942 cito

1157 3996 1262 4077 ad,
1289 4026 1506 4076 arma
1539 4004 2025 4079 concurrunt
2045 4059 2064 4096 ,
2097 4016 2187 4077 ut
2220 3995 2783 4105 indignacione
2823 3998 3277 4078 stimulante
3313 3996 3821 4098 dimicarent3
3854 4016 3935 4081 et

1160 4161 1428 4214 revera
1459 4153 1624 4213 tam
1659 4132 1975 4215 modica
2004 4134 2345 4241 scintilla
2382 4136 2467 4213 in
2498 4135 2936 4215 max-imum
2974 4153 3054 4214 et
3084 4133 3633 4215 scandalosum
3666 4138 3934 4217 1116611-

1162 4268 1380 4351 dium
1409 4273 1909 4371 excrevisset,
1951 4272 2109 4350 nisi
2148 4271 2362 4349 hunc
2400 4272 2826 4350 auctoritas
2869 4271 3083 4379 regia
3128 4270 3630 4352 accelerasset
3679 4275 3935 4353 extin-

1163 4435 1420 4514 guere.
1467 4407 1785 4487 Salubri
1817 4433 2158 4517 namque
2185 4428 2384 4487 'usus
2404 4406 2740 4487 consilio
2760 4468 2778 4502 ,
2811 4404 3143 4486 domino
3176 4404 3358 4487 duci
3386 4408 3931 4489 Aurelianensi.

1160 4545 1392 4623 fratri
1446 4575 1630 4644 suo,
1689 4549 1963 4627 comiti
2024 4573 2346 4658 quoque
2406 4547 2613 4654 Augi
2674 4563 3015 4654 cognato
3074 4572 3243 4625 rem
3293 4548 3730 4646 commisit,
3790 4549 3929 4659 qui

1163 4679 1731 4788 persuaderent
1771 4684 2115 4791 benigne
2164 4711 2381 4779 arma
2420 4680 2863 4791 deponere,
2905 4698 2986 4762 et
3019 4700 3112 4763 ut
3149 4700 3585 4764 nocturnas
3626 4683 3931 4792 vigilias

1163 4821 1442 4915 armati
1491 4821 2063 4925 persolverent,
2128 4849 2229 4913 ne
2275 4818 2475 4911 inde
2513 4820 2758 4932 aliqui
2801 4820 2986 4900 novi
3037 4837 3301 4903 motus
3333 4821 3761 4906 orirentur.
3798 4819 3931 4905 Se-
