4666 6014
1065 697 1209 774 372
1536 685 2223 760 CHRONICORUM
2272 684 2632 759 KAROLI
2681 683 2969 758 SEXTI
3018 686 3198 758 LIB.
3253 685 3384 761 Vl.

1064 856 1326 922 essent
1358 834 1903 920 continuande
1936 835 2277 947 perfidie
2322 835 2931 933 documentum,
2976 838 3451 947 postpositis
3491 838 3870 920 omnibus

1066 979 1241 1059 aliis
1298 977 1511 1057 curis
1531 1038 1550 1076 ‚
1613 993 1695 1056 et
1761 978 2093 1056 retentis
2156 1005 2362 1089 quos
2419 977 2506 1056 in
2557 975 2935 1084 Angliam
2996 975 3316 1055 mittere
3381 993 3828 1059 statuerant
3849 1040 3869 1075 ,

1065 1116 1333 1196 villam
1362 1113 1464 1194 de
1490 1116 1705 1213 Dan,
1739 1113 1953 1194 fossa
1999 1143 2395 1226 muroque
2435 1142 2526 1194 ac
2557 1112 2998 1194 multorum
3033 1112 3394 1208 incolatu
3433 1115 3830 1223 insignem
3851 1177 3869 1212 ‚

1068 1281 1350 1361 capere
1383 1250 1908 1333 decreverunt
1929 1314 1948 1352 ,
1994 1249 2189 1333 dum
2230 1251 2495 1333 adhuc
2529 1249 2834 1332 ibidem
2872 1279 3221 1363 nequam
3268 1253 3552 1332 concio
3591 1250 3872 1362 prodi-

1071 1411 1338 1472 torum
1371 1419 1453 1471 se
1492 1420 1538 1471 a
1580 1388 1976 1472 desiderio
2015 1388 2477 1473 fraudatam
2497 1409 2578 1472 et
2616 1391 3048 1472 miraretur
3076 1408 3159 1470 et
3186 1387 3521 1471 doleret.

1981 1777 2641 1859 CAPITULUM
2709 1778 2960 1862 VIII.

1684 2015 1897 2081 Villam
1921 2017 1998 2080 de
2031 2019 2163 2081 Dan
2196 2019 2412 2081 Gallici
2438 2030 2721 2101 ceperunt
2753 2031 2813 2080 et
2837 2017 3269 2080 destruxerunt.

1192 2253 1496 2332 Omnes
1552 2250 1817 2332 edicto
1871 2256 2095 2362 regio
2149 2270 2595 2363 paruerunt
2617 2316 2637 2351 ,
2699 2283 2746 2332 a
2805 2269 3034 2362 parte
3093 2248 3505 2332 obsidioni
3554 2265 3739 2355 apta
3793 2249 3879 2327 in

1081 2418 1549 2498 camporum
1579 2390 1922 2500 planicie
1955 2390 2288 2500 figentes
2329 2392 2714 2489 tentoria,
2755 2390 3213 2471 balistarios
3242 2416 3567 2502 quoque
3597 2414 3688 2466 ac
3713 2386 3883 2466 fun-

1080 2524 1520 2607 dibularios
1549 2527 1744 2608 locis
1778 2532 2157 2638 congruis
2187 2547 2606 2639 ponentes,
2637 2529 2831 2610 Post
2851 2527 3354 2609 dedicionem
3374 2528 3842 2634 imperatam
3861 2586 3879 2620 ‚

1082 2692 1267 2744 cum
1309 2667 1785 2774 arrogancia
1826 2668 2071 2746 nimia
2120 2665 2632 2776 denegatam,
2683 2662 3122 2747 inchoandi
3179 2662 3880 2774 assultus‘signum

1083 2799 1347 2901 datur,
1376 2830 1580 2913 quos
1607 2802 1875 2883 hostes
1898 2803 2274 2913 repellere
2287 2805 2626 2886 viriliter
2644 2820 3256 2912 temptaverunt.
3276 2802 3404 2880 Ab
3421 2781 3610 2901 hinc
3636 2797 3884 2877 nichil

1084 2940 1564 3033 remiserunt
1598 2941 1709 3021 ab⁴
1749 2941 1880 3021 illa
1920 2960 2149 3052 parte
2202 2971 2394 3022 cure
2445 2961 2583 3023 aut
2621 2941 2960 3041 laboris,
3004 2938 3143 3023 sed
3181 2939 3489 3050 vigilias
3531 2940 3617 3018 in
3660 2936 3882 3035 villa,

1083 3078 1479 3157 staciones
1523 3096 1709 3158 ante
1753 3097 2028 3188 portas
2069 3077 2581 3190 presidiaque
2633 3082 2719 3159 in
2769 3081 3020 3159 muris
3066 3079 3437 3187 protinus
3478 3075 3888 3186 disposue-

1085 3232 1316 3311 runt,
1359 3233 1440 3294 et
1467 3213 1854 3326 quamdiu
1876 3213 2196 3297 duravit
2233 3214 2555 3296 obsidio
2572 3278 2590 3314 ,
2624 3232 2899 3296 noctes
2925 3214 3285 3297 excubiis
3318 3212 3681 3323 deputati
3720 3229 3889 3292 tra-

1088 3350 1369 3431 hentes
1393 3352 1891 3463 insompnes,
1921 3357 2186 3464 sepius
2207 3382 2391 3434 cum
2422 3352 2770 3433 terribili
2801 3352 3146 3433 clamore
3177 3349 3528 3431 dominis
3555 3350 3619 3429 F
3622 3350 3889 3429 rancie

1088 3491 1567 3598 ingerebant
1612 3494 1914 3602 probra
1966 3512 2047 3574 et
2098 3492 2620 3574 contumelias
2641 3556 2661 3591 ‚
2716 3490 3019 3573 desidie
3070 3510 3151 3572 et
3204 3489 3658 3571 timiditatis
3708 3490 3890 3569 obi-

1090 3629 1388 3708 cientes
1441 3630 1787 3711 titulum.
1832 3632 2241 3735 Quociens
2294 3632 2584 3711 Gallici
2633 3659 2993 3740 agressus
3046 3633 3535 3740 impetuosos
3595 3628 3889 3707 infere-

1092 3767 1292 3846 bant
1312 3829 1330 3865 ,
1367 3767 1483 3847 nil
1514 3785 1810 3849 temere
1839 3799 1986 3850 nec
2010 3768 2324 3880 trepide
2358 3767 2460 3849 ad
2495 3797 2773 3849 omnes
2806 3767 3071 3849 aditus
3100 3767 3594 3849 stacionibus
3631 3765 3893 3846 firma-

1094 3904 1198 3983 tis
1220 3966 1239 4004 ,
1306 3933 1466 4017 qua
1532 3908 1762 4016 signa
1806 3907 2002 3988 ferri
2062 3905 2447 3989 videbant
2469 3968 2489 4005 ‚
2550 3935 2646 3987 eo
2704 3907 3001 3987 robore
3058 3909 3417 3987 virorum
3478 3904 3855 4015 opposito
3877 3965 3896 4003 ‚

1096 4042 1386 4123 milites
1409 4062 1492 4123 et
1528 4047 1966 4155 armigeros
1995 4047 2371 4127 sinebant
2388 4074 2579 4156 sepe
2603 4043 3021 4144 scandere,
3054 4072 3217 4157 quo
3246 4072 3609 4125 successu
3643 4044 3895 4151 magis

1095 4182 1183 4259 in
1239 4179 1584 4263 arduum
1639 4212 1774 4263 eos
1827 4182 2016 4293 pelli
2070 4212 2303 4293 posse
2360 4214 2504 4294 per
2565 4186 2921 4295 proclive
2986 4183 3297 4265 facilius
3358 4184 3537 4261 rati.
3605 4180 3898 4291 Sicque

1096 4316 1370 4417 multi,
1433 4315 1812 4400 ducentes
1879 4349 1978 4400 ex
2047 4324 2454 4430 generosis
2510 4322 2830 4431 proavis
2901 4322 3316 4430 sanguinis
3382 4317 3897 4428 dignitatem,

1099 4455 1446 4536 ruebant
1481 4458 1912 4567 precipites
1944 4476 2028 4538 et
2055 4459 2706 4544 vulnerabantur.
2727 4460 3099 4569 graviter.
3147 4460 3268 4538 De
3298 4455 3430 4538 die
3459 4459 3751 4536 iterum
3782 4456 3902 4532 in·-

1098 4611 1496 4674 cessanter
1538 4594 1905 4703 ymbrem
1941 4597 2417 4706 sagittarum
2457 4616 2538 4679 et
2562 4615 3154 4678 tormentorum
3194 4598 3553 4678 tonitrua
3587 4595 3899 4673 emitte·

1102 4730 1337 4830 bant,
1388 4750 1468 4812 et
1490 4794 1511 4831 ,
1558 4751 1652 4814 ut
1697 4736 2198 4816 communius
2218 4798 2236 4834 ,
2279 4736 2425 4816 ubi
2469 4735 2707 4819 flores
2756 4736 3107 4817 liliorum
3156 4732 3760 4845 conspiciebant
3800 4726 3898 4807 ad

1103 4868 1352 4962 solem
1387 4867 1724 4955 radiare.
1759 4872 2096 4972 Verum,
2130 4892 2403 4957 actore
2432 4877 2605 4957 Deo
2623 4937 2643 4974 ,
2667 4877 2809 4987 qui
2839 4895 3034 4957 tunc
3077 4876 3576 4985 juventutem
3606 4868 3906 4976 regiam
