4666 6014
1136 678 1275 747 142
1627 667 2312 749 cimomcoRUM
2363 670 2719 744 KARom
2767 620 3065 749 ssim=
3101 672 3278 746 Lm.
3333 672 3427 747 11.

1129 825 1683 932 sumpsissent,
1736 817 2002 928 gladio
2048 849 2287 931 quam
2338 821 2547 901 fame
2589 824 2856 932 perire
2909 825 3187 931 pocius
3237 823 3681 932 elegerunt,
3730 830 3924 910 Phi·-

1128 962 1592 1071 lippumque
1651 957 1752 1037 de
1795 959 2188 1038 Artevella
2227 989 2466 1067 super
2520 990 2603 1040 se
2653 962 3153 1068 capitaneum
3199 970 3631 1043 statuentes
3699 968 3755 1065 ¹,
3821 967 3922 1048 ad

1128 1096 1655 1206 pugnandum
1695 1114 1977 1176 contra
2009 1099 2383 1176 comitem
2416 1127 2596 1177 cum
2630 1097 2978 1177 mirabili
3010 1098 3241 1205 copia
3269 1099 3686 1181 hominum
3717 1109 3926 1185 exie-

1130 1253 1343 1317 runt.
1416 1237 1786 1336 Quorum
1853 1233 2283 1314 adventum
2351 1233 2680 1315 audiens
2721 1296 2740 1333 ‚
2809 1235 3228 1345 explorato
3298 1264 3574 1315 eorum
3639 1238 3922 1322 bellico

1088 1369 1095 1373 ’
1128 1391 1564 1481 apparatu,
1608 1402 1796 1452 mox
1850 1375 2239 1453 instructa
2293 1375 2461 1452 acie
2506 1364 2857 1484 datoque
2896 1375 3131 1481 signo
3172 1372 3588 1482 pugnandi
3610 1436 3630 1475 ,
3671 1381 3927 1458 utrin-

1124 1524 1280 1623 que
1311 1510 1608 1589 clamor
1651 1512 1909 1590 oritur
1935 1512 1993 1608 ²,
2051 1529 2130 1588 et
2162 1539 2342 1589 cum
2383 1512 2605 1589 omni
2656 1538 2945 1619 genere
2991 1510 3337 1590 telorum
3381 1529 3460 1590 et
3509 1513 3921 1594 missilium

1122 1645 1607 1726 validissimo
1644 1650 1948 1756 impetu
1989 1676 2154 1726 sese
2196 1647 2645 1756 impellunt.
2690 1651 2799 1727 At
2831 1647 2973 1727 ubi
3016 1676 3139 1726 res
3184 1646 3466 1755 gladiis
3503 1666 3585 1729 et
3625 1648 3923 1758 goden-

1127 1782 1400 1893 dardis
1432 1802 1605 1864 acta
1633 1802 1788 1884 est,
1823 1785 2056 1864 multi
2094 1804 2489 1865 corruunt
2519 1782 3034 1883 moribundi,
3072 1802 3154 1865 et
3190 1783 3334 1864 diu
3364 1804 3705 1897 utraque
3735 1816 3921 1897 pars

1123 1918 1653 2020 substitisset3
1706 1921 1843 2002 sed
1899 1921 2222 2001 tandem
2274 1950 2375 2002 ex
2429 1925 2863 2002 successive
2903 1919 3505 2002 succedencium
3558 1923 3917 2031 pondere

1123 2089 1309 2167 pars
1344 2062 1655 2140 comitis
1681 2061 2214 2169 proturbatur
2240 2078 2320 2140 et
2351 2062 2782 2140 vincuntur
2806 2062 2865 2159 ³,
2898 2063 3260 2172 quinque
3292 2062 3611 2141 milibus
3634 2092 3731 2143 ex
3758 2068 3922 2145 suis

1119 2199 1648 2307 interemptis„
1684 2199 1872 2299 Quo
1923 2197 2443 2278 incommodo
2491 2197 2897 2295 turbatuS‚
2956 2196 3474 2306 indignanter
3518 2229 3725 2311 equo
3779 2204 3919 2282 sti-

1121 2334 1363 2414 mulis*
1394 2333 1717 2434 adacto,
1772 2336 1968 2414 clam
2019 2336 2363 2415 elabitur
2403 2364 2542 2415 sue
2587 2335 2819 2415 saluti
2865 2335 3321 2435 consulenS,
3365 2336 3684 2448 ‚fuitque
3728 2339 3918 2448 fuga

1116 2491 1500 2581 perpetua
1535 2502 1782 2583 usque
1824 2474 2104 2580 Brugis
2134 2477 2192 2550 ⁴.

1229 2606 1541 2715 Adepta
1579 2609 1691 2686 sic
1721 2609 2093 2704 victoria,
2125 2608 2694 2689 Gandavenses
2724 2606 2824 2688 ad
2855 2608 3254 2691 deteriora
3282 2640 3365 2691 se
3400 2634 3912 2715 convertunt,
3983 2692 3990 2701 .

1116 2743 1219 2826 ad
1246 2745 1401 2823 hoc
1428 2744 1802 2852 Philippo
1838 2741 1940 2822 de
1963 2742 2360 2823 Artevella
2387 2745 2820 2852 instigante
2842 2807 2860 2841 ‚
2893 2747 3033 2855 qui
3066 2748 3278 2825 inter
3308 2775 3610 2828 summe
3641 2769 3916 2830 aucto-

1115 2883 1371 2962 ritatis
1398 2857 1614 2960 viros
1646 2909 1931 2988 magne
1960 2883 2435 2989 oppinionis
2472 2899 2644 2960 erat
2670 2899 2750 2960 et
2779 2881 2988 2960 clare
3017 2882 3480 2993 eloquencie
3498 2947 3517 2984 ‚
3550 2890 3915 2996 quamvis

1116 3021 1495 3128 ignobilis
1525 3038 1726 3099 esset
1756 3037 1836 3098 et
1865 3047 1964 3098 ex
1999 3018 2303 3120 infideli
2337 3038 2562 3099 ortus
2600 3021 2974 3128 prosapia
2997 3082 3015 3117 ‚
3051 3038 3143 3099 ut
3171 3039 3361 3129 pote
3391 3022 3600 3103 filius
3634 3025 3913 3106 Jacobi

1115 3157 1217 3238 de
1254 3157 1682 3254 Artevella,
1718 3158 1858 3267 qui
1892 3185 2152 3264 nuper
2183 3155 2287 3235 ad
2331 3159 2795 3235 comitatum
2841 3157 3243 3263 aspiranS‚
3287 3185 3331 3235 a
3372 3157 3606 3265 plebe
3655 3159 3916 3241 fuerat

1114 3299 1660 3403 interemptus.
1691 3294 1845 3374 Hic
1878 3296 1964 3372 in
1989 3292 2265 3373 odium
2291 3294 2605 3388 comitis
2638 3311 2718 3372 et
2751 3292 3196 3372 nobilitatis
3232 3294 3568 3373 Francie
3596 3313 3914 3377 estuans

1115 3433 1384 3511 animo
1426 3429 1960 3530 incessanter,
2005 3432 2228 3512 omni
2272 3427 2543 3509 studio
2584 3447 2665 3509 et
2708 3426 3014 3509 callidis
3064 3432 3570 3511 sermonibus
3617 3434 3913 3513 sollici-

1116 3569 1342 3649 tabat
1401 3571 1816 3654 universos
1890 3567 1989 3647 ad
2068 3565 2645 3675 agrediendum
2703 3596 2829 3646 res
2898 3596 3168 3647 novas.
3236 3569 3634 3650 Instinctu
3690 3574 3913 3681 cujus

1118 3708 1363 3785 eciam
1387 3766 1405 3801 ‚
1452 3734 1632 3784 cum
1673 3704 2048 3813 perfacile
2094 3706 2199 3783 sit
2237 3702 2609 3783 ardentes
2650 3701 2840 3783 odio
2882 3722 2962 3783 et
3008 3703 3498 3786 successibus
3540 3708 3915 3788 intumes-

1119 3861 1383 3923 centes
1415 3843 1753 3949 amplius
1793 3841 2288 3922 inflammare
2313 3906 2332 3941 ‚
2369 3842 2473 3923 ad
2516 3843 2671 3922 hoc
2708 3843 3015 3922 facinus
3059 3840 3414 3940 induxit,
3464 3862 3555 3923 ut
3601 3845 3910 3952 ingenti

1115 3981 1684 4091 conjuracione
1714 4009 1882 4059 non
1914 3980 2174 4060 solum
2205 3981 2577 4061 comitem
2600 3978 3084 4060 exheredare
3103 4040 3122 4077 ‚
3157 3976 3295 4059 sed
3331 3980 3546 4060 hunc
3582 3980 3908 4089 publico

1128 4651 1139 4660 ⁴
1190 4706 1201 4726 ¹
1251 4699 1392 4754 Var.
1419 4723 1430 4750 :
1462 4695 1704 4771 1105960,
1732 4696 1829 4751 fol.
1856 4694 2015 4770 39¹2,
2046 4698 2333 4770 eligentes.
2619 4697 2637 4726 ³
2685 4697 2823 4752 Var.
2860 4717 2873 4745 .·
2904 4703 2965 4751 n‘
2993 4695 3167 4770 5960,
3206 4695 3305 4752 fol.
3335 4692 3491 4768 ἕρκη,
3517 4692 3903 4767 perturbatur.

1182 4787 1205 4850 J
1254 4784 1318 4838 V
1311 4802 1397 4838 ar.
1430 4810 1442 4835 .-
1472 4792 1532 4836 ιιο
1554 4780 1696 4855 5960
1718 4823 1733 4850 ‚
1762 4781 1857 4836 fol.
1886 4778 1956 4854 39
1981 4801 2052 4852 r.,
2081 4781 2327 4837 auditur.
2543 4796 2603 4842 et
2629 4785 2889 4841 υίηοὶιιιν.

2619 4874 2639 4907 ⁴
2682 4869 2820 4925 Var.
2849 4887 2863 4915 -·
2895 4876 2958 4922 n⁰
2985 4864 3127 4940 5960
3146 4906 3161 4934 ,
3190 4862 3290 4919 fol.
3320 4860 3391 4938 39
3414 4880 3489 4931 v.,
3513 4860 3764 4933 Brugas.
