4666 6014
1161 663 1305 734 690
1630 655 2312 730 CHRONICORUM
2362 654 2720 729 ssAnuu
2772 651 3055 724 snx'n
3099 652 3277 734 ΠΒ.
3332 651 3471 726 XI.

1161 837 1447 918 sponse
1495 807 1795 887 Christi
1837 810 2098 914 ipsum
2131 807 2360 885 multi
2412 803 2935 901 inducebant,
2979 800 3322 886 avidiori
3358 820 3630 882 tamen
3678 821 3763 886 ct
3806 833 3949 886 au-

1164 947 1466 1028 daciori
1506 942 1748 1025 modo
1794 941 2119 1058 quidam
2159 944 2545 1023 heremita
2595 940 2955 1021 Andreas
2997 941 3363 1039 nomine,
3408 943 3533 1021 vir
3570 942 3828 1051 justus
3874 961 3955 1022 et

1168 1086 1455 1164 timens
1513 1085 1807 1179 Deum,
1863 1084 2001 1191 qui
2059 1084 2143 1161 in
2202 1082 2354 1161 illis
2409 1080 2771 1189 partibus
2826 1082 3069 1159 vitam
3126 1078 3559 1158 solitariam
3615 1077 3950 1159 duxerat

1088 1303 1092 1310 ,
1170 1240 1512 1336 quatuor
1556 1239 1634 1300 et
1669 1223 1951 1329 viginti
1992 1218 2223 1306 annis
2248 1283 2268 1318 ,
2313 1249 2574 1332 regem
2614 1218 2887 1302 adiens
2918 1217 3223 1302 vicibus
3257 1218 3655 1323 repetitis,
3691 1218 3944 1330 palam

1105 1395 1118 1404 ·
1174 1378 1252 1439 et
1294 1359 1558 1439 multis
1601 1357 1881 1438 mediis
1916 1356 2387 1446 ostendebat
2428 1359 2688 1468 ipsum
2732 1355 2835 1435 ad
2870 1355 3023 1435 hoc
3054 1353 3430 1468 obligari,
3487 1383 3819 1438 monens
3854 1382 3951 1436 ne

1069 1583 1074 1592 ‚
1176 1525 1319 1603 per
1355 1497 1755 1602 ⁴ignaviam
1792 1495 2396 1601 Omnipotentis
2434 1494 2822 1573 offensam
2862 1495 3323 1573 incurreret.
3371 1491 3527 1572 Sed
3566 1493 3955 1600 importu-

1181 1633 1506 1712 nitatem
1571 1634 1818 1710 sancti
1876 1633 2059 1726 viri,
2114 1633 2365 1711 instar
2427 1629 2727 1739 aspidis
2777 1628 3014 1709 surde
3065 1628 3515 1708 obturantis
3571 1657 3797 1707 aures
3865 1659 3959 1709 ne

1180 1767 1450 1850 audiat
1481 1796 1751 1848 vocem
1797 1769 2385 1847 incantancium
2428 1769 2849 1875 sapienter,
2875 1794 3063 1874 egre
3092 1766 3353 1845 ferens
3374 1829 3393 1861 ,
3428 1763 3746 1845 tandem
3781 1794 3959 1845 eum

1181 1924 1640 2020 preceperat
1710 1907 2003 1985 carceri
2067 1906 2530 2011 mancipari.
2606 1903 3045 1983 Molestiam
3106 1903 3305 1982 boni
3370 1903 3517 1982 viri
3596 1904 3959 1982 nonnulli

1185 2044 1431 2121 eciam
1461 2039 1927 2156 decuriones
1963 2042 2479 2148 impacienter
2511 2040 2862 2121 tulerunt
2882 2103 2901 2135 ‚
2938 2037 3243 2119 vallidis
3276 2023 3641 2152 precibus
3673 2037 3961 2122 libera-

1186 2180 1490 2257 ciouem
1540 2179 1706 2285 ejus
1768 2159 2301 2285 procurando.
2359 2175 2602 2280 Quod
2658 2178 2950 2260 frustra
2996 2178 3289 2288 pluries
3342 2194 3963 2286 temptaverunt,

1189 2344 1369 2424 rege
1392 2316 1707 2427 penitus
1737 2315 2150 2393 renitente.
2181 2313 2337 2394 Sed
2371 2313 2693 2400 tandem,
2715 2316 2966 2400 victus
3000 2314 3391 2426 precibus,
3427 2317 3537 2398 eis
3562 2343 3965 2402 assensum

1187 2453 1552 2562 prebuit,
1590 2449 1782 2532 dum
1814 2470 2077 2536 tamen
2113 2479 2291 2536 cum
2328 2453 2781 2559 juramento
2813 2450 3166 2534 firmaret
3204 2479 3288 2532 se
3326 2449 3427 2534 de
3452 2453 3784 2536 materia
3821 2455 3965 2538 ista

1191 2589 1530 2697 amplius
1552 2617 1718 2672 non
1748 2589 2232 2696 loqutumm.
2256 2587 2746 2694 sperabatur
2772 2606 3101 2696 propter
3124 2585 3427 2670 tedium
3452 2592 3791 2670 carceris
3806 2591 3967 2697 jam

1193 2754 1652 2835 perpessum
1689 2753 1918 2832 posse
1950 2723 2052 2803 ad·
2083 2723 2295 2810 istud
2326 2722 2641 2803 adduci.
2676 2723 2909 2803 Unde
2930 2726 3097 2833 regi
3130 2727 3432 2832 gracias
3464 2725 3925 2812 mffemntee
3944 2790 3963 2826 ,

1195 2863 1654 2969 suppliciter
1694 2862 2099 2967 pecierunt
2139 2878 2228 2940 ut
2268 2859 2437 2940 dies
2476 2879 2556 2940 et
2596 2862 2811 2941 locus
2862 2863 3194 2969 congrui
3235 2863 3827 2969 assignarentur
3868 2862 3970 2944 ad

1196 2996 1821 3111 comparandum
1872 3017 2201 3107 propter
2243 2998 2401 3077 hoc
2441 3028 2709 3079 eoram
2746 3026 2839 3079 eo
2863 3062 2882 3098 ,
2934 3017 3012 3080 et
3056 2998 3639 3109 beneplacitum
3680 3002 3849 3109 ejus
3891 3031 3970 3081 se

1195 3155 1766 3247 exequuturum
1798 3137 2242 3216 voluntarie
2269 3138 2597 3244 juraret.
2628 3136 2781 3217 Sed
2819 3137 3057 3253 longe
3084 3139 3312 3217 aliter
3336 3167 3573 3253 quam
3608 3141 3971 3246 speraba-

1199 3293 1330 3353 tur
1361 3274 1777 3384 contingit,
1811 3292 1889 3353 et
1932 3301 2197 3353 revera
2226 3272 2327 3353 ad
2360 3275 2881 3382 ignominiam
2904 3277 3135 3382 regni
3158 3336 3177 3373 ,
3212 3294 3292 3354 et
3323 3275 3815 3356 horrendum
3847 3280 3968 3357 in-

1199 3412 1639 3489 fortunium
1672 3439 1839 3489 rem
1884 3411 2218 3489 mutavit
2239 3473 2258 3508 ,
2292 3411 2673 3491 heremita
2714 3413 3038 3491 minime
3068 3414 3511 3519 ignorante.
3557 3417 3761 3493 Nam
3792 3443 3971 3494 cum

1201 3547 1467 3625 multis
1523 3548 1848 3626 monitis
1887 3547 2356 3627 hortaretur
2402 3565 2493 3626 ut
2533 3546 2633 3627 ad
2675 3576 2935 3656 regem
2977 3547 3351 3629 accedens
3393 3551 3560 3660 ejus
3597 3551 3969 3657 benepla-

1202 3686 1448 3762 citum
1489 3681 1989 3792 adimpleret,
2032 3685 2273 3766 libera
2324 3713 2512 3771 voce
2555 3702 2637 3769 et
2667 3683 2943 3769 divino
2970 3746 2988 3780 ‚
3033 3703 3121 3764 ut
3152 3684 3391 3765 credo
3416 3748 3435 3783 ,
3479 3686 3761 3794 spiritu
3810 3705 3973 3765 tac—

1119 3864 1124 3871 ·
1203 3836 1365 3917 tus,
1407 3818 1821 3927 respondit
1864 3824 2033 3928 regi
2087 3837 2553 3927 potestatem
2604 3823 2766 3929 jam
2824 3822 3211 3901 sublatam
3263 3824 3521 3931 ipsum
3580 3821 3972 3902 liberandi

1201 3957 1319 4035 vel
1349 3959 1598 4035 eciam
1623 3956 2026 4037 audiendi.
2055 3958 2321 4039 Verba
2351 3986 2523 4038 non
2554 3987 2598 4037 a
2635 3988 2821 4039 sana
2849 3976 3112 4038 mente
3145 3957 3579 4066 procedere
3600 3958 3975 4039 videban-

1204 4111 1371 4189 tur,
1422 4090 1560 4170 sed
1590 4093 1876 4173 effectu
1919 4096 2246 4171 minime
2286 4113 2734 4174 caruerunt.

1317 4230 1522 4308 Nam
1581 4232 1749 4310 luce
1813 4233 2217 4338 proxima,
2270 4261 2447 4312 cum
2511 4261 2647 4312 rex
2718 4231 2819 4312 de
2866 4234 3178 4313 civitate
3230 4264 3389 4313 una
3461 4237 3544 4314 in
3598 4234 3829 4314 aliam
3891 4265 3969 4314 se

1208 4369 1674 4447 transferret
1698 4432 1715 4466 ,
1759 4366 2047 4448 accidit
2088 4399 2272 4495 casu
2312 4390 2404 4450 ut
2440 4372 2577 4483 qui
2633 4368 3005 4480 preibant
3045 4371 3213 4485 ejus
3250 4373 3708 4483 comitatum
3754 4370 3974 4487 lepo-

1202 4532 1368 4582 rem
1397 4507 1789 4623 jacentem
1816 4509 2276 4606 excitarent,
2313 4537 2550 4625 quem
2575 4509 3007 4627 fugientem
3036 4508 3333 4593 clamor
3359 4526 3832 4625 prosequtus
3860 4527 3974 4591 est
4036 4557 4042 4563 ·

1204 4643 1777 4731 universorum.
1831 4644 2000 4725 Rex
2052 4662 2310 4726 autem
2355 4675 2537 4735 cum
2585 4645 2951 4733 eumdem
2986 4647 3338 4757 leporem
3374 4649 3701 4756 insequi
3738 4677 3972 4733 cona-

1204 4796 1423 4869 retur
1468 4799 1548 4865 et
1579 4785 1840 4873 cursui
1890 4784 2221 4873 instaret
2266 4785 2821 4882 vehementer„
2870 4811 3123 4892 equus
3164 4788 3251 4873 in
3303 4814 3631 4895 preceps
3678 4786 3973 4892 agitur,
