4666 6014
1018 671 1162 749 362
1490 659 2173 742 cnuomcontm
2221 666 2577 742 sanem
2628 665 2912 741 sexu
2960 668 3137 742 us.
3190 661 3347 746 vlf

1018 849 1421 904 accensam
1462 822 1546 900 in
1589 819 1915 904 classem
1949 846 2046 898 ex
2088 820 2247 902 alto
2289 817 2675 929 dirigunt.
2712 817 2868 899 Sed
2899 837 2992 899 ut
3042 823 3339 902 astucia
3381 841 3804 906 nautarum

1021 962 1305 1042 Gallici
1372 958 1727 1039 furorem
1807 954 2408 1038 declinaverunt
2484 954 2870 1053 incendii,
2942 981 3132 1037 mox
3188 957 3402 1040 aliud
3474 962 3811 1072 impedi-

1019 1117 1378 1179 mentum
1406 1097 1884 1205 supervenit.
1919 1096 2126 1176 Nam
2159 1095 2375 1176 velut
2404 1096 2829 1176 transitum
2851 1095 3351 1177 Francorum
3386 1099 3806 1181 cohercere

1020 1252 1445 1319 conaretur
1484 1233 1850 1320 Oceanus
1868 1295 1887 1331 ,
1935 1233 2205 1342 subito
2245 1232 2499 1313 celum
2546 1231 2984 1314 obductum
3028 1234 3383 1318 nubibus
3431 1239 3809 1318 obscuras

1022 1372 1332 1453 inducit
1359 1373 1728 1462 tenebras
1747 1373 2390 1483 circumquaque,
2424 1388 2507 1450 et
2525 1371 2764 1456 variis
2785 1372 3540 1464 chorusoacionibus
3570 1377 3813 1456 inter-

1024 1513 1314 1622 pollata
1344 1511 1518 1594 luoe
1539 1511 2056 1610 micantibus,
2087 1512 2464 1619 mugiunt
2486 1510 2833 1596 clamosa,
2860 1512 3257 1611 tonitrua,
3282 1532 3591 1594 mentes
3620 1542 3813 1594 nau-

1023 1669 1282 1730 tarum
1316 1650 1776 1729 excitancia.
1788 1676 1932 1754 pre
1962 1649 2272 1729 timore.
2309 1647 2512 1728 Inde
2540 1646 3469 1732 contrariis-afflantibus
3510 1654 3804 1745 ventiS‚

1025 1816 1259 1868 naves
1306 1813 1486 1866 cum
1532 1813 1842 1866 summo
1886 1782 2349 1866 discrimine
2373 1782 2846 1893 vagabunde
2867 1785 3141 1865 multis
3188 1784 3471 1870 diebus
3510 1817 3815 1868 errave·-

1028 1942 1242 2004 runt.
1287 1927 1393 2001 At
1421 1923 1562 2002 ubi
1602 1920 1879 2002 divino
1922 1940 2127 2002 nutu
2165 1939 2247 2002 et
2295 1919 2693 2003 industria
2745 1940 3150 2005 rectorum
3187 1926 3483 2033 navigii
3515 1925 3618 2005 ad
3651 1945 3812 2006 sta-

1031 2065 1347 2142 cionem
1390 2063 1684 2141 iterum
1742 2058 2193 2159 redierunt,
2254 2059 2709 2140 admirallus
2771 2087 3210 2170 agnoscens
3267 2060 3658 2174 quosdam
3709 2093 3807 2144 ex

1029 2201 1192 2277 suis
1224 2195 1413 2277 inde
1430 2199 1755 2277 territos
1785 2195 2362 2276 murmurando
2387 2195 2653 2277 dicere
2675 2195 2899 2309 quod
2917 2197 3323 2279 malebant
3348 2198 3452 2280 ad
3482 2204 3815 2310 propria

1031 2333 1292 2414 redire
1344 2336 1716 2442 sospites,
1769 2361 2011 2444 quam
2057 2362 2141 2414 se
2190 2309 2484 2413 iterum
2538 2335 2868 2414 marinis
2924 2333 3300 2416 fluctlbus
3351 2337 3815 2445 periculosis

1030 2470 1498 2567 submitere,
1541 2471 1776 2581 jussit
1810 2488 1903 2550 ut
1936 2495 2213 2549 omnes
2243 2472 2529 2550 armati
2569 2498 2810 2580 super
2838 2471 3221 2552 harenam
3262 2475 3813 2571 convenirent,

1031 2626 1110 2687 et
1148 2609 1534 2687 concione
1573 2606 1920 2715 generali
1966 2607 2312 2686 militum
2352 2606 2769 2707 advocata,
2824 2607 3044 2719 quod
3097 2612 3408 2690 animos
3462 2629 3625 2690 tam
3668 2613 3813 2690 levi

1030 2764 1438 2827 momento
1471 2745 1796 2826 fortune
1830 2775 2254 2854 suspensos
2304 2765 2709 2855 gererent,
2736 2749 3179 2856 increpavit
3213 2778 3229 2825 ε

1149 2943 1186 2981 κ
1227 2911 1562 3017 Longua
1619 2909 2155 3017 experiencia,
2212 2909 2516 3021 inquit,
2559 2905 2951 2988 didicistis
3000 2903 3354 3018 singulos
3400 2928 3620 2990 actus
3667 2909 3813 2989 huz

1035 3083 1072 3121 (t
1115 3075 1396 3127 manos
1444 3046 1801 3126 fortuitis
1851 3046 2164 3127 casibus
2203 3047 2661 3155 subjacere3
2693 3064 2774 3126 et
2814 3048 2922 3144 si,
2958 3049 3181 3126 omni
3230 3050 3566 3156 negocio
3594 3049 3817 3160 quod

1038 3220 1072 3257 «
1114 3202 1234 3265 est
1260 3184 1543 3293 aliquis
1563 3210 2101 3292 aggressurus,
2124 3184 2473 3293 placeret
2494 3173 2801 3292 singula
2822 3211 2979 3296 que
3006 3203 3334 3292 possent
3364 3214 3531 3266 esse
3547 3186 3817 3266 futura

1038 3359 1072 3396 «
1115 3320 1576 3432 particulari
1610 3316 2197 3401 deliberacione
2253 3321 2573 3418 rimari,
2622 3348 3037 3432 nunquam
3076 3339 3279 3402 esset
3336 3322 3622 3433 aliquis
3678 3325 3816 3433 qui
3916 3302 3923 3313 ’

1039 3496 1074 3534 a
1116 3460 1446 3571 alicujus
1481 3460 1594 3538 rei
1630 3458 1856 3538 oneri
1889 3486 1974 3537 se
2004 3457 2399 3561 subiceret
2440 3459 2867 3539 animosus.
2905 3459 3113 3536 Nam
3157 3460 3222 3536 si
3264 3487 3574 3566 semper
3615 3462 3820 3566 agri-

1039 3634 1074 3672 «
1117 3599 1287 3678 cole
1336 3595 1702 3703 diligenti
1755 3592 2340 3677 deliberacione
2390 3613 2820 3703 pensarent
2880 3612 3176 3707 quanta
3225 3622 3269 3673 a
3326 3611 3563 3703 raptu
3602 3596 3820 3675 volu-

1040 3770 1075 3809 «
1118 3763 1343 3815 crum
1399 3730 1825 3814 auferenda
1882 3751 2070 3812 sunt
2116 3733 2419 3813 semina
2437 3794 2457 3829 ,
2514 3759 2924 3844 nunquam
2973 3730 3185 3811 forte
3235 3732 3535 3810 semina
3568 3732 3818 3811 sulcis

1041 3907 1078 3946 «
1119 3871 1426 3952 darent.
1489 3868 1763 3949 Ardua
1820 3871 2036 3949 enim
2098 3868 2469 3978 aggredi,
2532 3867 3110 3949 commilitones
3168 3870 3499 3977 optimi,
3566 3872 3818 3949 virtus

1041 4043 1080 4085 α
1120 4028 1371 4107 amat,
1411 4008 1804 4119 fortisque
1832 4009 1984 4087 viri
2016 4007 2384 4115 probitas
2425 4025 2618 4087 tunc
2666 4022 3032 4116 apparet,
3069 4034 3257 4087 cum.
3289 4005 3601 4087 casibus
3634 4035 3818 4088 exa--

1041 4183 1078 4223 (ι
1124 4150 1418 4227 minata
1453 4146 1879 4226 contrariis
1919 4141 2246 4224 adversa
2273 4147 2501 4225 novit
2529 4142 2918 4226 sustinere
2954 4143 3402 4223 infortunia
3423 4205 3442 4241 ,
3468 4162 3548 4223 et
3579 4146 3823 4223 malo·

1044 4321 1080 4359 α
1123 4314 1303 4365 rum
1366 4281 1860 4394 ponderibus
1922 4283 2278 4363 animum
2341 4311 2507 4362 non
2572 4282 2961 4363 submitit.
3031 4279 3237 4361 Sane
3301 4283 3413 4385 sic
3478 4284 3820 4391 majores

1044 4460 1080 4497 <c
1122 4425 1360 4504 vestri
1407 4422 1643 4530 longe
1684 4421 1996 4545 lateque
2050 4449 2194 4530 per
2235 4420 2515 4501 orbem
2566 4449 2649 4500 se
2700 4416 3227 4499 reddiderunt
3284 4418 3816 4528 percelebres;

1044 4595 1080 4635 <c
1121 4588 1468 4672 quorum
1498 4560 1567 4638 si
1607 4559 1846 4655 vires,
1903 4576 1989 4636 ut
2041 4556 2306 4666 signa,
2360 4559 2688 4667 geratis,
2742 4585 2893 4666 pro
2937 4576 3155 4637 certo
3219 4585 3455 4668 quem
3510 4583 3821 4635 mecum

1044 4733 1079 4770 «
1121 4694 1595 4806 agredimini
1661 4693 2016 4775 laborem
2090 4697 2446 4804 promito
2521 4693 2902 4776 laudabili
2965 4695 3125 4774 fine
3193 4692 3815 4773 terminandum.

1047 4868 1082 4906 «
1126 4830 1343 4933 Quid
1384 4832 1662 4943 plura?
1700 4829 1802 4912 ad
1841 4832 1997 4913 hoc
2025 4832 2192 4941 poli
2226 4860 2501 4913 serena
2534 4834 2776 4914 facies
2821 4828 2963 4912 ros
3000 4831 3282 4929 allicit,
3320 4858 3554 4941 equm
3600 4858 3821 4909 mare
