4666 6014
972 627 980 636 ’
1054 637 1194 706 200
1520 628 2205 705 CHRONICORUM
2257 629 2616 703 KAROLI
2666 625 2951 702 sEx'n
3001 631 3179 720 LIB.
3232 629 3359 705 ΠΙ.

1047 781 1419 862 vexillum
1474 782 1729 861 sancti
1799 781 2135 887 Georgii
2198 777 2563 860 deferens
2595 841 2615 879 ‚
2676 806 2953 858 omnes
3018 777 3116 858 ad
3183 805 3409 889 spen
3438 781 3838 863 -vincendi

1047 915 1441 1014 allexerat,
1475 917 1955 1024 promittens
1989 915 2209 1026 quod
2246 916 2597 996 Gallicos
2628 916 3055 995 fascinaret
3095 934 3176 995 et
3204 918 3528 1025 magicis
3560 923 3839 1000 carmi-

1047 1055 1284 1134 nibus
1334 1031 1706 1156 redderet
1744 1055 2249 1160 impotentes.
2294 1054 2899 1165 Acquiescentes
2945 1055 3193 1160 igitur
3235 1054 3404 1163 ejus
3445 1057 3835 1155 consiliis,

1045 1188 1144 1269 ad
1187 1192 1338 1269 iter
1378 1218 1461 1280 se
1504 1191 2054 1288 accinxerunt,
2108 1208 2188 1269 et
2244 1220 2426 1270 cum
2470 1191 2635 1302 jam
2688 1218 2978 1269 aurora
3035 1189 3226 1269 solis
3278 1191 3833 1304 subsequentis

1045 1326 1460 1412 nunciaret
1518 1323 1978 1424 adventum,
2024 1344 2103 1405 et
2137 1326 2488 1407 Gallicos
2528 1327 2976 1435 attigissent
3000 1387 3020 1424 ‚
3073 1326 3552 1408 clamoribus
3597 1332 3834 1410 variis

1044 1437 1122 1542 et
1151 1461 1491 1543 horrido
1523 1481 1802 1570 cuncta
1837 1451 2323 1571 complentes
2349 1492 2586 1562 sono,
2618 1464 2705 1542 in
2739 1491 2874 1542 eos
2899 1464 3338 1564 irruerunt5
3372 1467 3836 1574 ignorantes

1043 1600 1262 1712 quod
1314 1602 1477 1710 jam
1527 1603 1885 1710 prompti
1930 1619 2011 1681 et
2057 1601 2316 1708 parati
2373 1619 2774 1681 certamen
2823 1619 3341 1710 expectarent
3386 1600 3590 1709 pede
3641 1604 3831 1684 fixo.

1043 1739 1229 1816 Fuit
1270 1740 1567 1817 nostris
1609 1756 1690 1816 et
1742 1713 2138 1824 hostibus*
2165 1740 2623 1844 animorum
2677 1764 2823 1845 par
2874 1736 3204 1817 effectus
3257 1755 3337 1818 et
3382 1743 3833 1821 consonans

939 1861 946 1870 ⁸
1046 1870 1561 1974 desiderium,
1606 1871 2104 1981 experiencia
2133 1892 2401 1996 tamen
2446 1890 2526 1953 et
2546 1885 2744 1952 usus
2773 1899 3179 1952 armorum
3212 1874 3450 1983 longe
3483 1871 3829 1956 dissimi-

1042 2009 1183 2107 lis;
1240 2007 1460 2122 quod
1513 2011 1893 2118 paucitati
1960 2009 2456 2106 Gallicorum
2518 2008 2862 2089 multum
2922 2009 3234 2118 profuit
3288 2009 3390 2090 ad
3450 2013 3830 2121 impetum

1045 2144 1894 2258 hostiumaliquandiu
1931 2147 2256 2240 fortiter
2297 2144 2886 2252 sustinendum.
3450 2233 3465 2244 ,

1154 2284 1324 2384 Jam
1367 2283 2047 2364 conestabularius
2086 2312 2263 2363 cum
2300 2283 2778 2365 marescallis
2808 2261 3018 2366 ultra
3050 2305 3576 2393 processerat,
3608 2288 3833 2398 igno·

1043 2449 1228 2501 rans
1279 2440 1644 2510 eventum
1701 2423 1851 2520 rei3
1893 2445 2130 2534 quem·
2184 2449 2366 2500 cum
2418 2449 2565 2530 per
2605 2422 2988 2501 nuncium
3032 2426 3577 2532 comperisset,
3625 2454 3832 2537 equo

1043 2559 1380 2638 stimulis
1426 2557 1746 2657 adacto,
1773 2559 1948 2640 huc
1987 2586 2466 2666 properans,
2517 2559 2826 2638 invenit
2866 2557 3030 2667 jam
3080 2560 3493 2640 cohortem
3525 2563 3612 2641 in
3644 2563 3832 2642 ulti-

1047 2697 1192 2774 mis
1225 2695 1760 2794 laborantem3
1789 2712 1876 2775 et
1905 2712 2097 2774 tunc
2120 2696 2206 2774 in
2233 2695 2505 2801 hostes
2526 2756 2546 2794 ,
2576 2723 2743 2806 quo
2771 2691 3301 2804 dempsissimi
3325 2694 3830 2796 videbantur,

1043 2811 1349 2940 primus
1396 2834 1799 2913 invehitur
1841 2851 2001 2911 tam
2043 2850 2418 2941 potenter
2469 2861 2707 2945 quam
2754 2829 3150 2912 audacter.
3196 2834 3252 2912 J
3255 2835 3517 2913 unctis
3565 2836 3833 2947 itaque

1043 2972 1295 3081 copiis
1351 2971 1688 3080 prelium
1749 2989 2238 3053 restauratur
2259 3036 2278 3073 ,
2349 2988 2428 3052 et
2490 2969 2813 3055 tandem
2882 2973 3621 3079 superveniencium
3690 2975 3833 3054 im-

1043 3128 1271 3218 petu,
1315 3110 1625 3190 crebris
1655 3111 1946 3191 ictibus
1981 3112 2340 3219 repetitis
2383 3111 2447 3189 F
2450 3110 2778 3216 lamingi
2819 3108 3085 3188 affecti
3126 3109 3588 3195 vulneribus
3613 3174 3631 3210 ‚
3670 3116 3833 3223 pri-

1043 3275 1175 3349 mo
1208 3243 1696 3355 pedetentim
1730 3245 2230 3327 retrocedere
2271 3263 2658 3356 ceperunt
2679 3306 2699 3346 ‚
2744 3274 2933 3324 mox
2966 3263 3045 3325 et
3076 3264 3300 3356 terga
3345 3224 3682 3347 ⁸vertere,
3727 3249 3829 3330 ad

1042 3402 1484 3471 extremum
1518 3411 1805 3492 magna
1832 3401 2096 3490 strage
2129 3382 2394 3462 deleti.
2451 3384 2613 3485 Qui
2632 3458 2637 3463 .
2657 3381 2986 3463 evadere
3018 3400 3488 3492 potuerunt,
3531 3387 3617 3463 in
3663 3388 3829 3466 sola

1041 3519 1227 3628 fuga
1276 3548 1498 3629 spem
1536 3518 1809 3599 salutis
1864 3537 2376 3628 reponentes,
2444 3549 2628 3600 mox
2693 3520 3002 3629 Ypram
3063 3521 3347 3600 urbem
3394 3520 3824 3602 famosissi-

1042 3683 1252 3734 mam
1284 3635 1709 3763 petierunt.
1748 3656 1866 3734 Eo
1899 3684 2326 3764 congressu
2360 3683 2784 3736 numerum
2817 3655 3468 3736 occumbencium
3500 3655 3825 3767 quidam

1041 3793 1269 3873 aliter
1335 3811 1414 3873 et
1470 3793 1699 3873 aliter
1756 3793 2234 3893 retulerunt;
2289 3795 2735 3874 communis
2788 3811 3055 3872 tamen
3107 3792 3358 3890 fama,
3419 3821 3661 3903 quam
3735 3813 3824 3881 ut

1038 3959 1326 4042 sequar
1369 3931 1702 4010 inclinat
1740 3933 2052 4011 animus
2072 3993 2092 4030 ‚
2126 3931 2372 4010 refert
2412 3928 2713 4011 ibidem
2768 3957 2951 4008 cum
3006 3927 3342 4009 sordida
3391 3929 3823 4011 vexillifera

1041 4069 1191 4146 tria
1239 4067 1458 4146 milia
1516 4066 1912 4148 cecidisse.
1963 4067 2712 4147 Conestabularium
2758 4093 2948 4146 vero
2998 4094 3100 4146 ne
3145 4066 3414 4146 hostes
3461 4068 3824 4180 inseque-

1041 4223 1263 4285 retur
1311 4209 1759 4287 sauciorum
1831 4237 2022 4288 cura
2071 4226 2151 4287 et
2220 4209 2667 4315 occisotgum
2726 4202 3073 4283 detinuit
3146 4204 3574 4314 sepultura.
3632 4207 3820 4287 Phi-

1037 4343 1262 4453 lippo
1289 4341 1389 4423 de
1412 4344 1801 4424 Artevella
1822 4406 1840 4442 ,
1878 4344 2115 4452 hujus
2144 4344 2577 4425 infortunii
2606 4343 2928 4450 ignaro,
2962 4339 3289 4452 quidam
3314 4342 3593 4451 raptus
3609 4371 3815 4455 equo

1038 4480 1530 4560 velocissimo
1550 4542 1569 4579 ,
1611 4509 1845 4569 cursu
1884 4483 2258 4598 precipiti
2305 4481 2733 4579 festinans,
2768 4507 3037 4559 casum
3066 4481 3432 4579 nunciat,
3474 4497 3817 4587 stragem

1042 4644 1363 4697 suorum
1404 4613 1762 4724 pandens
1798 4645 1894 4696 ex
1928 4615 2239 4698 ordine.
2276 4618 2466 4718 Quo
2493 4612 2812 4716 audito,
2849 4634 3039 4697 tunc
3070 4614 3506 4697 formidine
3541 4633 3816 4731 captus

1037 4751 1234 4852 fuit;
1288 4749 1427 4832 sed
1476 4780 1583 4842 ne
1616 4770 1871 4835 metus
1920 4751 2471 4836 effunderetur
2511 4756 2599 4835 iu
2649 4755 2926 4835 castris
2950 4816 2969 4854 ‚
3005 4755 3419 4835 veritatem
3457 4744 3775 4834 reticuit
3793 4815 3813 4853 ,
