4666 6014
1039 683 1182 755 370
1508 669 2198 746 CHRONICORUM
2248 671 2608 746 KAROLI
2658 672 2945 748 SEXTI
2996 675 3176 748 LIB.
3229 673 3356 752 VI.

2035 942 2628 1028 CAPITULUM
2675 949 2856 1031 Vll.

1596 1182 1849 1244 Classem
1877 1185 2098 1267 regiam
2127 1184 2175 1244 F
2177 1184 2481 1267 lammingi
2507 1184 2845 1246 comburere
2873 1196 3322 1265 temptaverunt.

1159 1397 1371 1474 Dum
1400 1390 1766 1491 cedibus,
1803 1394 2108 1502 rapinis
2139 1410 2221 1472 et
2252 1391 2650 1473 incendiis
2685 1391 3144 1473 admirallus
3178 1392 3375 1472 fines
3409 1395 3695 1504 Anglie
3727 1398 3853 1476 in-

1044 1531 1427 1630 festabat,
1480 1528 1995 1642 mitendeque
2042 1531 2465 1611 auxiliares
2513 1533 2741 1640 copie
2782 1531 2970 1611 litus
3003 1534 3411 1611 marinum
3454 1548 3853 1631 tenerent,

1047 1673 1436 1783 temporis
1499 1671 1847 1750 votivam
1898 1670 2408 1750 serenitatem
2462 1689 3008 1781 expectanteS,
3064 1669 3370 1769 subito,
3414 1668 3637 1783 quod
3688 1701 3855 1752 non

1050 1810 1521 1907 timebatur,
1594 1838 1736 1919 per
1795 1807 2072 1889 dolum
2146 1838 2238 1889 ac
2313 1806 2872 1926 prodicionem
2946 1837 3201 1918 prope
3275 1810 3683 1918 navigium
3756 1809 3857 1890 ad

1052 1945 1739 2030 transfretandum
1785 1966 2158 2058 paratum
2211 1949 2829 2060 necessariisque
2870 1965 3251 2028 onustum
3296 1948 3673 2028 amissum
3712 1965 3854 2027 est.

1053 2089 1260 2168 Sane
1292 2090 1378 2167 in
1426 2087 1949 2196 Anglicorum
1985 2086 2380 2185 favorem,
2434 2086 2780 2180 infausta
2816 2083 3159 2198 quedam
3204 2083 3861 2167 Gandavensium

1056 2228 1378 2324 conci0,
1416 2223 1618 2306 duce
1661 2223 2015 2337 quodam
2051 2224 2435 2334 ignobili,
2482 2226 2623 2336 qui
2656 2224 2720 2303 F
2723 2226 2999 2305 rancio
3038 2224 3491 2323 vocabatur,
3534 2222 3637 2304 ad
3678 2227 3861 2304 Dan

1053 2365 1451 2444 famosum
1478 2383 1811 2473 portum
1847 2365 2101 2462 venit,
2127 2383 2217 2446 ut
2250 2381 2546 2444 secrete
2579 2364 3132 2473 compatriotis
3156 2381 3559 2476 quereret,
3603 2366 3671 2442 si
3703 2389 3861 2474 qua

1054 2521 1452 2583 nocturna
1488 2503 1869 2582 transicio
1913 2501 2391 2611 prodicione
2420 2502 2593 2583 fieri
2640 2521 2909 2611 posset
2945 2529 3198 2614 usque
3232 2500 3335 2581 ad
3377 2501 3701 2582 classem
3733 2529 3859 2580 re-

1057 2644 1298 2749 giam²
1329 2659 1420 2720 ut
1448 2670 1621 2721 eam
1651 2638 1968 2720 flamma
1991 2644 2259 2721 voraci
2281 2642 2814 2722 combureret.
2837 2643 2958 2720 De
2984 2641 3575 2752 propinquiore
3598 2657 3861 2722 autem

1056 2797 1325 2890 portu,
1359 2780 1497 2890 qui
1516 2779 1836 2858 Esclusa
1860 2780 2320 2879 vocabatur,
2351 2808 2517 2859 non
2537 2778 2965 2859 defuerunt
2988 2780 3130 2890 qui
3156 2779 3467 2859 facinus
3483 2806 3862 2887 peragen-

1057 2917 1252 2998 dum
1296 2919 1829 3026 susciperent,
1864 2917 1966 2997 ad
2008 2915 2093 2998 id
2136 2918 2421 3002 horam
2455 2946 2895 3028 congruam
2937 2919 3467 3026 assignantes;
3512 2934 3593 2997 et
3629 2945 3859 3013 mox,

1059 3075 1147 3137 ut
1183 3058 1523 3168 quisque
1567 3057 2040 3136 naturaliter
2091 3055 2353 3137 tendit
2405 3055 2487 3137 id
2530 3053 2751 3169 quod
2806 3053 3151 3136 delectat
3194 3056 3517 3138 effectui
3566 3060 3864 3137 manci-

1059 3224 1292 3305 pare,
1354 3194 1455 3275 ad
1508 3194 1851 3274 liberum
1890 3194 2493 3304 preparandum
2543 3192 3104 3304 proditoribus
3146 3197 3595 3303 ingressum
3616 3258 3639 3295 ,
3681 3196 3863 3275 ville

1061 3334 1525 3442 principalis
1559 3352 1791 3441 porte
1822 3361 2038 3412 seras
2076 3331 2279 3412 clam
2317 3361 2495 3412 cum
2549 3332 2946 3440 repagulis
2973 3394 2992 3430 ‚
3032 3331 3509 3417 succedente
3548 3362 3864 3443 crepus-

1060 3473 1273 3569 cu10‚
1312 3472 1795 3552 avulserunt.

1175 3610 1380 3689 Sane
1410 3626 1884 3716 conceptum
1922 3608 2667 3718 nephandissimum
2699 3610 3276 3716 produxissent
3300 3612 3384 3689 in
3410 3628 3699 3708 actum,
3739 3614 3862 3691 in-

1061 3751 1299 3829 terim
1346 3747 1540 3827 dum
1571 3750 1785 3827 circa
1817 3748 2388 3857 intempestum
2433 3746 2849 3826 silencium
2879 3746 3046 3827 fere
3081 3776 3357 3827 omnes
3408 3767 3633 3856 grata
3675 3779 3861 3859 per-

1059 3887 1520 3967 fruerentur
1579 3886 1854 3999 requie
1875 3948 1893 3983 ,
1959 3887 2115 3965 nisi
2180 3883 2547 3964 fraudem
2601 3884 2998 3965 relacione
3058 3885 3594 3998 quorumdam
3647 3892 3862 3999 capi—

1061 4042 1341 4105 taneus
1361 4026 1896 4132 comperisset.
1933 4024 2098 4127 Qui
2131 4050 2344 4120 mox,
2375 4023 2626 4131 captis
2657 4024 2933 4135 inique
2968 4024 3602 4132 conspiracionis
3632 4029 3859 4136 prin-

1064 4160 1410 4271 cipibuS,
1442 4188 1644 4274 quos
1673 4162 1824 4242 hac
1865 4163 2050 4271 illac·
2080 4161 2352 4270 vagari
2400 4162 2731 4270 reperit,
2781 4177 3101 4268 postero
3143 4158 3308 4260 die,
3351 4164 3612 4272 prima
3652 4163 3862 4263 luce,

1060 4300 1554 4385 velocissimo
1601 4331 1810 4415 equo
1859 4318 2164 4399 vectus,
2205 4328 2473 4383 moras
2523 4298 2829 4408 rumpit
2876 4299 3240 4409 impiger,
3286 4319 3366 4379 et
3402 4328 3863 4403 accurrens,

1064 4470 1246 4520 cum
1274 4443 1405 4525 vix
1450 4470 1741 4521 aurora
1784 4426 1972 4520 solis
2014 4439 2571 4552 subsequentis
2607 4439 3028 4541 nunciaret
3062 4436 3531 4541 adventum,
3569 4440 3867 4552 detegit

1063 4581 1231 4689 regi
1273 4598 1354 4661 et
1398 4580 1922 4690 optimatibus
1967 4579 2517 4690 nequiciarum
2546 4578 3013 4688 hystoriam.
3056 4579 3221 4681 Qui
3265 4578 3458 4663 inde
3498 4584 3866 4665 meritam

1063 4716 1534 4829 concipiunt
1593 4716 2283 4825 indignacionem,
2347 4735 2431 4798 et
2486 4719 2875 4801 nuncium
2929 4721 3428 4816 remitentes,
3483 4737 3573 4798 ut
3625 4720 3864 4803 ulcis-

1065 4874 1290 4937 catur
1337 4857 1681 4953 facinuS,
1723 4852 2185 4964 proditores
2225 4858 2491 4962 capite
2544 4856 2780 4962 plecti
2820 4858 3263 4966 jusserunt3
3305 4875 3387 4937 et
3432 4884 3535 4937 ne
3584 4861 3864 4937 ceteris
