4666 6014
1146 668 1241 738 52
1650 658 2333 739 CHRONICORUM
2382 662 2739 738 KAROLI
2787 660 3071 735 SEXTI
3120 659 3304 732 ΠΒ..
3351 656 3411 729 1.

1138 848 1174 887 (ι
1210 812 1530 892 valeatis
1572 810 1735 892 frui
1773 812 2080 893 cunctis
2124 815 2599 897 mortalibus
2641 828 3087 924 peroptata.
3124 812 3262 889 Pia
3303 810 3551 917 igitur
3581 805 3934 886 liberali-

1143 982 1180 1023 c<
1215 966 1376 1029 tate
1392 967 1473 1029 et
1494 946 2111 1053 subvencionem
2128 954 2490 1051 remittit,
2509 970 2604 1037 et
2618 946 3019 1064 quidquid
3050 946 3475 1056 regnicolis
3496 944 3616 1027 vel
3644 946 3935 1025 exteris

1149 1120 1186 1158 <c
1227 1113 1526 1167 merces
1572 1084 2105 1164 inferentibus
2148 1087 2268 1166 vel
2311 1089 2835 1171 efferentibus
2873 1086 3179 1167 solebat
3230 1085 3481 1191 exigi3
3535 1084 3649 1161 ita
3705 1100 3796 1161 ut
3840 1079 3939 1160 de

1150 1257 1187 1297 <c
1223 1241 1486 1302 cetero
1530 1224 1864 1302 omuino
1914 1224 2162 1303 nichil
2194 1228 2349 1307 sub
2394 1245 2768 1336 pretextu
2803 1223 3133 1332 alicujus
3163 1223 3603 1302 exactionis
3638 1216 3938 1331 aliquid

1149 1394 1187 1432 «
1222 1377 1554 1469 cogatur
1626 1377 1981 1468 prestare
2009 1422 2028 1458 ,
2091 1360 2231 1441 sed
2300 1362 2638 1443 liberam
2692 1362 2973 1472 pocius
3034 1355 3434 1439 vendendi
3486 1374 3567 1436 et
3621 1353 3938 1436 emendi

1150 1531 1187 1569 (ε
1221 1495 1560 1607 quilibet
1593 1495 1884 1575 habeat
1912 1515 2428 1605 potestatem-3
2463 1519 2544 1581 et
2573 1501 2729 1580 hoc
2762 1527 2906 1609 per
2935 1498 3151 1577 bivia
3176 1495 3404 1575 urbis
3438 1491 3569 1573 die
3596 1494 3939 1575 crastina

1149 1667 1186 1707 α
1227 1631 1903 1742 promulgandum
1951 1635 2438 1717 instituit'de
2479 1640 2745 1747 gracia
2788 1634 3132 1746 speciali.
3182 1668 3220 1709 2>
3615 1616 3630 1625 ⁸

1256 1746 1568 1879 Populo
1612 1771 2079 1852 satisfecisse
2124 1773 2637 1856 cancellarius
2673 1772 3135 1869 videbatur;
3193 1769 3332 1851 sed
3375 1771 3760 1850 instinctu
3800 1770 3945 1846 im-

1145 1908 1393 1986 mixte
1458 1904 1997 1989 multitudinis
2056 1912 2418 1991 virorum
2484 1910 2915 2008 nobilium,
2983 1905 3410 1988 cotidianis
3476 1933 3937 1986 excrescen-

1146 2044 1362 2124 tibus
1412 2047 1675 2125 usuris
1734 2032 1923 2154 egre
1982 2073 2304 2133 acervos
2371 2050 2940 2157 peccuniarum
2991 2045 3400 2125 exhauriri
3456 2041 3893 2123 ferencium
3918 2105 3936 2141 ,

1147 2184 1438 2262 iterum
1504 2184 1850 2292 populus
1906 2186 2378 2266 terribiliter
2431 2185 2716 2265 clamat
2767 2200 2861 2264 ut
2910 2181 3141 2265 Judei
3191 2176 3773 2291 expellerentur
3836 2177 3936 2258 de

1146 2318 1351 2398 villa.
1387 2320 1524 2397 Hii
1557 2316 1661 2399 ad
1708 2319 2297 2427 beneplacitum
2339 2324 2549 2431 regis
2581 2321 2890 2402 tributo
2938 2348 3208 2401 annuo
3256 2317 3815 2429 subjacebant,
3860 2336 3940 2395 et

1148 2456 1257 2534 ob
1292 2456 1445 2535 hoc
1468 2456 2143 2565 permittebantur
2171 2460 2258 2536 in
2290 2457 2747 2538 civitatibus
2774 2484 3117 2539 manere.
3154 2450 3398 2561 Quod
3431 2452 3939 2534 cancellarius

1150 2589 1569 2672 attendens
1589 2655 1608 2692 ,
1650 2592 1870 2700 plebi
1905 2595 2196 2673 iterum
2216 2594 2688 2691 satisfacere
2715 2593 3030 2675 lenibus
3068 2590 3334 2673 verbis
3371 2592 3677 2671 curavit
3695 2652 3715 2689 ,
3755 2619 3944 2699 pro·

1149 2730 1475 2809 mittens
1517 2731 1633 2809 sic
1674 2731 2193 2839 interponere
2232 2733 2443 2825 vices
2481 2756 2662 2813 suas
2699 2759 2904 2843 erga
2955 2756 3220 2839 regem
3240 2790 3260 2827 ,
3302 2725 3523 2843 quod
3557 2722 3669 2806 'in
3716 2727 3943 2808 brevi

1149 2864 1779 2978 adipiscerentur
1808 2866 2027 2983 quod
2062 2850 2461 2983 optabant
2485 2871 2543 2949 ¹:

2080 3139 2748 3274 GAPJTULUM
2806 3142 3001 3225 vn.

1409 3373 1499 3433 De
1527 3374 1849 3436 excessibus
1879 3396 1913 3435 a
1946 3378 2225 3439 concione
2250 3375 2475 3460 prefata
2500 3390 2557 3440 et
2583 3378 2860 3459 precipue
2890 3387 3092 3437 contra
3116 3354 3330 3439 Judeos
3357 3378 3724 3458 perpetratis.

1270 3603 1462 3683 Post
1510 3604 1657 3684 hec
1696 3607 1939 3687 verba
1962 3668 1982 3706 ,
2029 3606 2325 3690 sedatis
2371 3609 2819 3722 aliqualiter
2880 3607 3403 3718 popularibus
3444 3609 3949 3689 tumultuosis

1157 3738 1570 3846 procellis,
1623 3727 1947 3850 ingente
1987 3748 2253 3853 gracie
2297 3746 2770 3830 cancellario
2823 3744 3302 3825 referuntur.
3346 3744 3718 3824 Laudant
3777 3775 3952 3826 om-

1157 3902 1301 3953 nes
1342 3877 1511 3985 ejus
1558 3881 2069 3987 propositum
2097 3935 2127 3981 ‚-
2159 3883 2556 3963 extollunt
2611 3911 2858 3994 usque
2916 3879 3019 3961 ad
3064 3879 3326 3961 sidera
3377 3900 3725 3960 mentem
3763 3909 3950 3990 pro-

1160 3993 1428 4091 vidam
1465 4030 1545 4091 et
1591 4014 1933 4095 consulti
1999 4021 2345 4126 pectoris
2383 4018 2798 4133 judicium.
2850 4018 3007 4100 Sed
3049 4047 3234 4099 cum
3272 3997 3750 4126 supervacue
3788 4019 3952 4126 glo-

1162 4148 1476 4227 riantur
1538 4178 1621 4229 se
1686 4153 2221 4262 perpetrande
2274 4158 2305 4199 ²
2365 4133 2756 4238 libertatis
2825 4158 3325 4248 occasionem
3389 4157 3904 4266 resumpsisse
3924 4219 3946 4253 ,

1165 4312 1263 4362 ex
1311 4273 1603 4395 adepta
1630 4288 1840 4369 ‘inde
1884 4292 2157 4401 inepta
2201 4292 2502 4395 leticia,
2544 4323 2700 4408 que
2746 4292 3077 4374 modum
3111 4309 3381 4370 tenere
3415 4292 3673 4382 ,nescit
3695 4354 3714 4390 ,
3751 4295 3948 4374 inci·

1164 4419 1403 4534 dunt·
1433 4425 1522 4505 in
1568 4427 2191 4536 intemperancie
2231 4431 2594 4512 facinora
2644 4459 2801 4543 que
2852 4445 3308 4541 sequentur.
3351 4431 3533 4531 Que
3585 4431 3943 4542 quamvis

1157 4562 1481 4669 scriptis
1532 4551 1847 4672 reperta
1914 4565 2188 4648 forsan
2256 4569 2674 4652 fastidiant
2691 4629 2710 4666 ,
2781 4568 2973 4679 quia
3027 4584 3294 4646 tamen
3375 4568 3945 4648 historicorum

1236 4820 1249 4868 3
1299 4815 1436 4871 Var.
1470 4837 1484 4865 ··
1510 4815 1757 4893 n⁰5960,
1782 4819 1880 4876 fol.
1905 4819 1977 4879 33
1999 4841 2075 4894 ι,
2099 4826 2426 4898 poscebant.
2586 4832 2606 4856 ²
2650 4825 2790 4881 Var.
2823 4850 2837 4879 .·
2865 4833 2931 4881 ιιΦ
2953 4821 3129 4899 5960,
3157 4824 3255 4881 fol.
3274 4822 3345 4883 33
3368 4822 3866 4897 v.,perpetuande.
