4666 6014
1130 637 1272 715 548
1553 629 2288 714 -cnnomconun
2317 630 2672 706 KAnou
2724 629 3009 703 sEx‘rr
3052 630 3231 703 Lm.
3286 630 3421 703 lx.

1128 813 1335 884 rem,
1409 783 1507 865 ad
1580 813 1844 894 regem
1917 781 2251 864 tendens
2316 783 2690 891 propius,
2761 796 2945 888 post
3014 780 3463 887 impensum
3534 775 3895 860 debitum

1127 921 1591 1003 theutonico
1612 947 1977 1001 sermone
2005 919 2513 1000 salutacionis
2539 916 2870 997 affatum
2888 978 2906 1014 ,
2928 943 3110 995 cum
3134 943 3180 993 a
3198 916 3895 996 circumstantibus

1128 1057 1227 1138 de
1263 1076 1474 1140 terra
1518 1058 1815 1138 levatus
1846 1075 2086 1156 esset,
2127 1075 2320 1137 tunc
2351 1055 2556 1135 sacta
2592 1054 2749 1134 sibi
2780 1050 3101 1136 dicendi
3134 1052 3399 1159 gracia
3439 1077 3594 1163 que
3625 1050 3891 1147 vellet,

1125 1196 1718 1275 excusacionem
1783 1223 2002 1274 suam
2054 1191 2370 1274 cuidam
2423 1191 2755 1272 habenti
2819 1189 3238 1299 interpreti
3292 1186 3564 1295 lingue
3623 1186 3894 1295 gallice

1124 1334 1502 1413 noticiam
1556 1332 2003 1430 commisit3
2055 1332 2192 1440 qui
2260 1358 2451 1410 mox
2521 1328 2860 1410 demisso
2910 1327 3131 1410 vultu
3183 1343 3263 1405 et
3320 1353 3510 1406 voce
3558 1324 3893 1436 supplici
3999 1310 4008 1318 ⁹

1121 1469 1384 1549 taliter
1422 1470 1508 1548 in
1549 1467 2002 1548 substancia
2040 1468 2445 1576 peroravit
2476 1497 2493 1546 ε

1229 1640 1267 1680 α
1306 1604 1433 1685 Ad
1476 1605 1864 1684 thronum
1895 1606 2110 1711 regie
2149 1601 2677 1701 celsitudinis,
2721 1631 2891 1681 non
2924 1600 3181 1682 solum
3224 1606 3537 1710 potenti
3568 1601 3894 1684 dextera

1121 1775 1159 1815 (t
1200 1737 1304 1819 ad
1340 1736 1933 1848 subjugandum
1960 1739 2287 1820 rebelles
2302 1801 2321 1837 ,
2365 1766 2637 1819 verum
2675 1757 2757 1817 et
2801 1737 3226 1840 clemencia
3268 1738 3591 1818 solitum
3628 1737 3896 1819 mode·

1119 1911 1161 1951 α
1200 1880 1362 1956 rari
1425 1875 1526 1956 ad
1581 1874 2067 1983 parcendum
2145 1876 2619 1973 humilibus,
2687 1874 2909 1954 miles
2963 1901 3152 1954 suus
3208 1875 3752 1986 obsequiosus,
3779 1905 3898 1955 re-

1122 2046 1159 2087 «
1192 2014 1473 2110 currit,
1540 2015 1681 2124 qui
1748 2041 2058 2120 semper
2123 2012 2593 2109 affectuose,
2657 2028 3044 2123 quantum
3092 2007 3426 2109 decuit,
3496 2011 3741 2092 coluit
3806 2041 3894 2091 ac

1120 2183 1156 2224 <c
1193 2155 1528 2257 semper'
1550 2151 1833 2229 metuit
1876 2150 2476 2230 invictissimum
2524 2146 2776 2228 robur
2816 2165 3166 2228 vestrum
3186 2210 3204 2244 ,
3248 2175 3464 2227 nunc
3498 2145 3599 2226 ad
3643 2165 3894 2227 exter-

1120 2320 1155 2359 «
1197 2287 1533 2366 minium
1572 2304 1783 2366 terre
1827 2314 1964 2366 sue
2007 2303 2579 2394 congregatum
2598 2346 2618 2383 ,
2670 2302 2751 2364 et
2806 2312 3078 2364 revera
3124 2284 3542 2392 scripturis
3587 2283 3888 2365 frivolis

1120 2456 1158 2496 «
1195 2440 1275 2503 et
1313 2421 1762 2504 adinventis
1794 2442 2303 2504 commotum.
2342 2424 2545 2504 Nam
2601 2421 2813 2503 velut
2850 2419 3218 2501 animalia
3260 2421 3540 2530 pusilla
3582 2419 3683 2502 ad
3725 2419 3883 2502 leo·

1119 2590 1155 2630 α
1197 2559 1482 2638 ninum
1537 2560 1893 2665 rugitum
1953 2531 2625 2658 contremiscunt,
2690 2557 2905 2638 velut
2981 2573 3221 2637 naute
3284 2554 3696 2637 Caribdim
3748 2587 3879 2664 cu·-

1119 2726 1156 2766 «
1201 2695 1437 2799 piunt
1469 2695 1770 2773 evitare
1791 2754 1811 2791 ,
1851 2711 1941 2772 ut
1970 2693 2344 2773 mortales
2371 2694 2621 2774 fatum
2665 2694 3035 2798 ultimum
3075 2694 3695 2802 perhorrescunt
3713 2754 3732 2790 ,
3774 2696 3885 2774 sic

1117 2861 1155 2902 «
1196 2831 1419 2908 omni
1478 2826 1748 2909 studio
1812 2846 1891 2908 et
1955 2827 2266 2909 assidue
2327 2827 2753 2912 declinavit
2816 2832 3116 2944 regiam
3173 2827 3720 2910 celsitudinem
3780 2828 3882 2909 ad

1116 2999 1153 3039 ε(
1195 2962 1688 3045 iracundiam
1743 2993 2199 3073 provocare.
2250 3001 2288 3043 ω
2342 2968 2519 3048 Hoc
2590 2968 2920 3049 instanti
2945 3031 2964 3067 ,
3028 2969 3399 3081 quamvis·
3442 2943 3547 3048 ad
3612 2964 3882 3048 redar-

1117 3099 1514 3209 guendum
1558 3102 1890 3182 verbum
1932 3080 2191 3184 littere
2222 3102 2865 3217 diffidenciarum
2904 3105 3058 3214 ipsi
3096 3105 3367 3185 oblate
3405 3104 3731 3185 fuerunt
3780 3105 3883 3184 ab

1115 3254 1471 3337 oratore,
1521 3257 1783 3319 tamen
1824 3268 1870 3321 a
1912 3244 2332 3349 proposito
2374 3270 2541 3322 non
2589 3236 2961 3323 recedens
2993 3270 3011 3319 t
3048 3275 3087 3315 «ι
3120 3243 3221 3321 Et
3254 3244 3358 3341 si,
3405 3243 3701 3354 inquit,
3737 3245 3880 3321 im-

1116 3408 1154 3447 «
1194 3376 1682 3483 pressionem
1718 3375 1955 3484 sigilli
1988 3379 2301 3485 proprii
2342 3378 2922 3488 superpositam
2952 3407 3242 3487 negare
3273 3395 3612 3488 nequeat
3652 3441 3670 3477 ,
3713 3406 3877 3458 non

1114 3545 1152 3585 <c
1187 3529 1460 3593 tamen
1516 3514 1941 3595 temeritati
2000 3532 2150 3594 aut·
2200 3517 2668 3625 arrogancie
2737 3544 2873 3597 sue
2944 3517 3422 3614 ascribatur,
3505 3498 3877 3623 quoniam

1114 3681 1152 3720 α
1189 3640 1288 3729 eo
1345 3650 1603 3733 inscio
1641 3667 1722 3729 et
1775 3650 2100 3731 absente
2150 3652 2305 3731 hoc
2347 3671 2754 3759 peractum
2790 3682 2836 3732 a
2890 3652 3301 3760 sigillifero
3338 3652 3682 3758 affirmat
3726 3649 3883 3740 fide

1111 3817 1151 3859 κ
1188 3782 1449 3867 media
1475 3801 1608 3884 ;.et
1644 3789 1728 3864 in
1759 3786 2395 3871 contradicentes
2417 3850 2435 3886 ,
2478 3795 2542 3870 si
2580 3791 2719 3900 qui
2746 3791 2945 3886 sint,
2977 3816 3332 3896 pugnare
3363 3788 3881 3895 personaliter

1110 3953 1150 3992 κ
1191 3948 1360 4001 non
1398 3939 1705 4012 recusat
1747 3940 1826 4002 et
1878 3925 2426 4003 innocenciam
2473 3952 2697 4003 suam
2745 3926 2829 4003 in
2882 3922 3255 4032 ambigua
3298 3923 3520 4004 lance
3562 3923 3882 4005 fortune

1113 4090 1152 4130 <t
1191 4059 1709 4139 committere.
1767 4059 1979 4162 Hec,
2037 4061 2531 4139 serenissime
2604 4061 2985 4168 princeps
3008 4122 3027 4158 ,
3089 4089 3242 4169 pro
3299 4059 3524 4142 ducis
3590 4089 3881 4169 purga-

1111 4225 1149 4264 «
1189 4193 1418 4271 cione
1465 4190 1899 4291 sufficiant3
1944 4221 2164 4291 nam,
2196 4194 2390 4274 vivit
2430 4190 2860 4274 Dominus!
2906 4223 3215 4304 puram,
3248 4198 3452 4276 sicut
3490 4214 3647 4294 est,
3682 4194 3881 4276 edis-

1104 4362 1143 4401 «
1190 4330 1396 4408 serui
1492 4330 1927 4409 veritatem.
2026 4331 2543 4441 Quapropter
2629 4331 3035 4413 iracundia
3125 4352 3507 4443 concepta
3599 4333 3876 4413 inolita

1103 4497 1140 4536 «c
1184 4463 1792 4545 mansuetudine
1826 4466 2280 4574 mitigetur3
2317 4470 2472 4575 ipsi
2505 4472 2918 4583 patrieque
2963 4472 3315 4552 innoxiis
3359 4491 3630 4580 parcat
3660 4475 3870 4580 regia

1102 4632 1139 4671 κ
1187 4598 1679 4709 benignitas3
1729 4618 1808 4680 et
1853 4598 2227 4712 deinceps
2275 4605 2811 4714 jurejurando
2845 4610 3247 4716 promittit
3273 4588 3510 4731 ‘quod
3551 4637 3597 4688 a
3633 4609 3869 4688 vestri

1102 4767 1138 4809 κ
1177 4754 1780 4847 vestrorumque
1811 4739 2070 4846 gracia
2105 4757 2186 4820 et
2211 4741 2620 4854 obsequiis
2656 4744 2867 4824 nulla
2901 4743 3097 4841 dies,
3125 4774 3346 4826 casus
3376 4747 3579 4827 ullus
3603 4743 3875 4827 avellet
