4666 6014
1843 785 3164 910 CHRONICORUM

1501 1069 1506 1078 ’
1631 1076 2555 1240 KAROLI·
2696 1082 3409 1242 SEXTI

2057 1438 2423 1526 LIBER
2498 1438 2950 1530 NONUS.

2283 1686 2605 1740 Pontificum
2632 1705 2687 1740 ιι
2700 1728 2715 1753 ,

2282 1761 2672 1828 Imperatorum
2694 1763 2900 1823 nullus,

1398 1833 1541 1885 Auni
1573 1832 1789 1887 Domini
1816 1850 2199 1887 acccuxxvm.
2284 1835 2614 1887 Francorum
2642 1853 2726 1900 xx,

2282 1908 2586 1977 Anglorum
2616 1927 2691 1961 nn
2710 1948 2725 1970 ,

2283 1982 2473 2036 Sicilie
2505 2000 2581 2036 rv-

2098 2406 2798 2490 GAPITULUM
2855 2411 2921 2488 1.

1904 2640 2184 2701 Mandato
2212 2642 2365 2723 regis
2397 2641 2514 2701 dux
2545 2640 2843 2703 Britannie
2870 2644 3082 2723 paruit.

700 2918 823 2966 „mi
853 2916 1046 2966 „mhi
1230 2871 1583 2951 Pinum-A
1610 2867 2106 2949 solemnitate
2133 2868 2518 2979 paschali,
2559 2897 2703 2950 rex
2753 2870 3214 2979 sponsionis
3253 2867 3478 2950 ducis
3542 2869 3891 2951 Britanie

678 3009 1067 3045 'mamm‘
1116 3034 1449 3106 memor,
1491 3024 1585 3087 ut
1618 3003 2108 3086 discordiam
2158 3006 2370 3087 inter
2417 3007 2685 3116 ipsum
2725 3024 3022 3087 motam
3062 3022 3144 3087 et
3175 3006 3896 3088 conestabularium

1117 3145 1580 3224 terminaret
1594 3205 1612 3242 ,
1683 3144 2133 3224 Aurelianis
2200 3146 2560 3254 perrexit
2579 3207 2600 3244 ,
2672 3146 2877 3225 sicut
2941 3141 3403 3224 condictum
3453 3118 3756 3242 fuerat3
3816 3162 3895 3223 et

1117 3277 1417 3359 ibidem
1468 3279 1868 3362 baronum
1885 3342 1904 3379 ‚
1960 3282 2524 3389 episcoporum
2571 3300 2650 3361 et
2698 3283 2782 3361 in
2845 3298 3191 3392 utroque
3234 3281 3414 3390 jure
3453 3283 3899 3388 peritorum

1111 3417 1485 3525 'generale
1533 3417 1792 3498 tenuit
1843 3415 2426 3527 parlamentum
2441 3479 2462 3517 ,
2504 3446 2606 3497 ne
2659 3419 2745 3497 in
2801 3444 3034 3498 causa
3072 3414 3424 3496 deviaret
3468 3444 3515 3496 a
3554 3419 3900 3496 racionis

1117 3556 1456 3634 tramite.
1505 3556 1691 3635 Dux
1722 3553 2021 3634 frustra
2075 3555 2347 3635 multis
2399 3553 2684 3636 diebus
2722 3571 3191 3664 expectatus
3226 3555 3532 3635 cunctis
3588 3551 3893 3634 tedium

1119 3687 1469 3790 inducit3
1514 3693 1784 3801 sicque
1824 3689 2152 3771 tandem
2180 3719 2318 3771 rex
2363 3693 2618 3771 victus
2667 3692 3286 3772 conestabularii
3337 3692 3708 3800 precibus
3742 3693 3893 3770 im-

1121 3830 1491 3933 portunis
1510 3890 1530 3924 ,
1564 3855 1747 3907 cum
1802 3856 1950 3935 pro
2007 3825 2399 3908 tribunali
2463 3825 2796 3907 sedisset
2816 3889 2835 3925 ,
2877 3845 2957 3907 et
2994 3826 3159 3908 dux
3201 3827 3370 3936 ipse
3412 3826 3894 3908 sufficienter

1118 3981 1483 4066 evocatus
1514 3964 2047 4073 peremptorie
2093 3989 2241 4043 nec
2291 3989 2437 4070 per
2468 3980 3077 4071 procuratorem
3119 3979 3616 4069 compareret
3632 4024 3653 4059 ,
3707 3968 3895 4074 quia

1120 4100 1483 4179 conscius
1544 4100 1699 4179 sibi
1767 4101 1922 4208 ipsi
1983 4096 2086 4179 ad
2161 4099 2371 4207 regis
2431 4100 2947 4179 vocacionem
3021 4096 3389 4180 accedere
3447 4091 3890 4196 verebatur,

1120 4231 1447 4313 tandem
1513 4236 1832 4345 injuriis
1894 4252 1974 4315 et
2028 4233 2437 4315 violenciis
2516 4234 2753 4314 illatis
2833 4234 2938 4314 ab
3008 4237 3185 4343 ipso
3254 4235 3891 4316 conestabulario

1120 4368 1536 4479 splendide
1589 4375 2014 4481 peroratis,
2072 4374 2242 4481 ipse
2290 4389 2712 4484 sequenter
2762 4371 3040 4451 intulit
3083 4401 3103 4449 t
3153 4406 3192 4446 ι(
3221 4372 3891 4453 Excellentissime

1124 4541 1162 4582 α
1201 4509 1575 4618 princeps
1616 4526 1696 4589 et
1744 4505 2389 4589 metuendissime
2443 4506 2802 4608 domine,
2858 4508 3303 4617 opprobria
3357 4510 3886 4617 ignominiosa

1124 4677 1163 4719 (t
1199 4663 1556 4754 pretacta
1606 4645 1694 4724 in
1724 4645 1940 4752 regie
1967 4643 2436 4726 excellencie
2462 4654 2717 4728 vestre
2746 4664 2828 4726 et
2855 4647 3012 4727 mei
3041 4644 3576 4755 prejudicium
3608 4675 3653 4724 a
3705 4674 3895 4755 pro-

1122 4813 1161 4854 «
1199 4778 1464 4862 ditore
1494 4779 1693 4862 duce
1719 4780 2133 4861 Britannie
2169 4809 2433 4863 assero
2474 4802 2951 4892 perpetrata.
2996 4783 3177 4884 Que
3230 4784 3297 4863 si
3345 4811 3443 4863 ex
3488 4810 3702 4862 nunc
3731 4783 3901 4890 ipse
