4666 6014
1073 680 1218 753 354
1547 683 2233 764 CHRONICORUM
2280 691 2640 768 mou
2688 688 2979 765 SEXTI
3024 690 3201 764 ΠΒ.
3256 687 3383 763 VI.

1063 835 1361 914 exteris
1389 836 1864 920 nacionibus
1909 860 2228 949 gratum
2273 843 2739 927 reddiderat
2764 859 2847 924 et
2876 840 3426 952 multipliciter
3460 868 3865 923 commen·-

1071 963 1454 1050 dandum.

2015 1315 2691 1398 CAPITULUM
2759 1317 2907 1398 ιν.
2978 1291 3005 1306 ·’

1514 1545 1792 1607 Dominos
1824 1547 1997 1610 duces
2031 1551 2277 1613 Francie
2301 1551 2542 1635 quidam
2568 1552 2827 1635 proditor
2851 1550 3170 1611 intoxicare
3197 1550 3396 1609 voluit.

1141 1773 1251 1850 Ut
1288 1775 1374 1852 in
1407 1801 1800 1882 procursu
1837 1809 2103 1861 rerum
2139 1783 2875 1892 gubernandarum,
2907 1799 2999 1862 ut
3030 1782 3568 1879 communius,
3597 1809 3879 1891 super·x

1061 1911 1393 1989 veniunt
1435 1911 1763 1995 adversa
1783 1977 1802 2013 ,
1857 1921 2105 1999 veteri
2159 1918 2352 2000 odio
2393 1920 2741 2001 Karolus
2784 1948 2927 1999 rex
2968 1919 3044 1998 N
3049 1947 3326 1999 avarre
3360 1918 3814 1999 stimulatus
3834 1982 3853 2017 ‚

1061 2047 1579 2154 nephandum
1602 2056 2185 2162 precogitatum
2214 2057 2524 2138 facinus
2555 2059 2642 2137 in
2673 2074 2938 2138 actum
2962 2055 3328 2165 proferre
3358 2057 3730 2162 cupienS‚
3774 2074 3855 2136 ct

1058 2187 1283 2291 quasi
1322 2185 1580 2290 ferina
1617 2190 1841 2270 rabie
1879 2196 2359 2301 sanguinem
2396 2196 3183 2303 consanguineorum
3229 2193 3514 2290 sitiret,
3552 2190 3854 2272 Biturie

1056 2339 1294 2435 atque
1321 2324 1786 2434 Burgundie
1811 2327 2052 2410 duces
2094 2333 2539 2413 intoxicare
2572 2349 2909 2413 conatus
2942 2346 3087 2411 est.
3112 2330 3557 2439 Impietatis
3589 2348 3853 2410 autem

1053 2487 1392 2572 querens
1422 2463 1972 2575 coadjutorem
2003 2497 2492 2579 congruum,
2523 2468 2955 2584 quemdam
2982 2467 3431 2548 Johannem
3459 2467 3848 2564 Delstein,

1050 2598 1475 2707 Anglicum
1523 2605 1896 2702 nacione,
1949 2608 2159 2708 comi
2192 2606 2467 2688 fronte
2514 2608 2930 2710 accersivit
2953 2667 2973 2705 ,
3012 2633 3253 2717 quem
3291 2607 3378 2684 in
3409 2603 3632 2684 brevi
3663 2607 3853 2684 assi-

1050 2732 1358 2817 duitate
1417 2740 1669 2820 victus
1723 2760 1804 2820 et
1857 2742 2332 2840 affabilitate
2393 2747 2779 2826 continua
2839 2746 2867 2788 ¹
2928 2742 3086 2824 sibi
3145 2740 3851 2823 familiarissimum

1048 2873 1344 2954 faciens
1373 2936 1392 2972 ,
1440 2875 1583 2955 ubi
1637 2877 2104 2960 fidelitatem
2156 2883 2328 2991 ejus
2379 2883 2724 2992 percipit
2765 2877 3048 2960 fraude
3091 2880 3578 2989 premiisque
3618 2906 3851 2985 posse

1045 3018 1458 3125 corrumpi
1478 3077 1497 3113 ,
1530 3016 1841 3099 facinus
1873 3018 2783 3153 confidenciuffapperit.
2807 3016 2933 3097 Ad
2963 3017 3125 3097 hoc
3154 3018 3433 3129 utiquc
3456 3044 3850 3128 exequen-

1046 3148 1242 3231 dum
1270 3180 1438 3256 non
1466 3156 1889 3262 opportuit
1925 3157 2191 3265 longis
2228 3157 2887 3275 persuasionibus
2913 3157 3272 3254 onerari,
3314 3182 3555 3266 quem
3586 3152 3844 3236 dicto·

1044 3318 1223 3369 rum
1268 3289 1560 3373 ducum
1616 3293 2245 3377 inflammaverat
2293 3296 2573 3379 odium
2600 3358 2622 3395 ‚
2685 3314 2765 3377 et
2816 3295 3017 3377 lucri
3064 3323 3247 3403 spes
3292 3292 3842 3374 vehemencius

1041 3426 1553 3510 accendebat.

1149 3566 1386 3647 Unde
1424 3595 1817 3650 venenum
1858 3570 2318 3680 pulvereum
2364 3573 2473 3652 ab
2508 3569 2792 3651 eodem
2837 3569 3230 3678 recipiens
3253 3628 3272 3665 ‚
3310 3585 3393 3647 et
3438 3568 3524 3645 iu
3581 3565 3835 3645 Fran-

1036 3704 1239 3782 ciam
1280 3707 1605 3787 veniens
1638 3770 1657 3805 ‚
1710 3736 1857 3788 nec
1909 3707 2332 3790 attendens
2378 3708 2601 3821 quod
2661 3707 2876 3787 nulla
2928 3724 3049 3786 est
3109 3705 3429 3812 turpior
3468 3700 3835 3814 prodicio
3906 3788 3913 3794 ,

1036 3869 1277 3951 quam
1327 3846 1455 3922 cui
1504 3846 1843 3926 avaricia
1890 3875 2206 3927 causam
2262 3845 2439 3947 dat,
2491 3876 2637 3958 per
2688 3840 3178 3957 quindenam
3230 3837 3527 3921 ducum
3574 3841 3836 3920 curias

1032 3978 1572 4092 frequentavit
1589 4045 1608 4081 ,
1638 4003 2064 4092 expectans
2093 3987 2454 4095 spacium
2480 4001 3038 4096 opportunum
3063 4042 3083 4080 ‚
3112 4008 3275 4092 quo
3309 3977 3836 4058 scelestissimi

1033 4120 1240 4226 regis
1265 4116 1738 4201 mandatum
1774 4124 2059 4234 exequi
2094 4141 2388 4233 posset.
2416 4124 2721 4203 Verum
2736 4184 2755 4219 ‚
2797 4135 3067 4199 actore
3099 4117 3285 4197 Jaeu
3306 4115 3631 4196 Christo
3647 4177 3667 4215 ‚
3692 4117 3830 4229 qui

1029 4252 1388 4336 inclitam
1425 4259 1652 4365 regni
1692 4258 2054 4338 sobolem
2098 4259 2255 4341 hoc
2292 4279 2373 4340 et
2422 4262 2509 4341 in
2550 4276 2914 4367 tempore
2952 4250 3530 4364 protegendam
3579 4280 3835 4335 susce-

1024 4411 1291 4500 perat,
1347 4392 1752 4504 proditori
1805 4423 1976 4476 non
2028 4396 2260 4478 affuit
2315 4391 2782 4507 experiendi
2837 4392 3169 4475 facultas
3216 4389 3439 4503 quod
3485 4390 3826 4473 volebat.

1025 4529 1234 4610 Ymo
1260 4530 1482 4645 quod
1516 4560 1684 4612 non
1717 4534 1956 4614 semel
1985 4532 2230 4614 modo
2263 4533 2405 4614 sed
2432 4533 2732 4645 pluries
2765 4530 3233 4612 familiarius
3260 4528 3478 4638 justo
3506 4528 3827 4609 ferculis

1023 4670 1439 4750 assistebat
1461 4733 1480 4768 ,
1522 4699 1712 4751 mox
1758 4671 2123 4752 affectate
2165 4673 2666 4780 prodicionis
2714 4688 3163 4783 suspectus,
3214 4686 3492 4776 captus
3534 4667 3690 4748 fuit
3744 4683 3824 4744 et

1097 4908 1112 4930 ⁸
1159 4903 1220 4960 V
1213 4923 1299 4959 ar.
1324 4929 1337 4957 .-
1360 4917 1423 4960 n·
1446 4902 1620 4978 5960,
1645 4903 1741 4961 sol.
1761 4902 1823 4959 6¹
1862 4922 1940 4981 v.‚
1969 4903 2292 4978 dapsilitate
2313 4914 2373 4963 et
2395 4904 2741 4984 affabilitate
2761 4906 2951 4960 victus
2975 4903 3273 4958 continuis.
