4666 6014
1122 724 1262 795 226
1583 718 2272 793 CHRONICORUM
2321 719 2681 795 KAROLI
2729 721 3015 795 SEXTI
3066 723 3243 796 LIB.
3298 722 3401 794 111
3406 774 3427 794 .

1122 909 1159 947 «
1193 874 1356 953 lose
1392 871 1907 951 fluctuantem
1956 871 2293 980 eripuit,
2331 891 2412 952 et
2458 871 2780 953 reduxit
2812 871 2912 952 ad
2946 890 3276 981 portum
3326 889 3600 981 optate
3650 890 3915 955 trans-

1120 1046 1155 1082 ‹<
1192 1009 1631 1123 quillitatis.
1669 1008 1803 1089 Ob
1845 1037 2116 1088 recens
2158 1009 2638 1091 beneficium
2677 1039 2846 1090 non
2896 1039 2993 1089 ex
3038 1011 3344 1089 meritis
3381 1009 3733 1120 propriis
3777 1010 3916 1090 sed

1119 1183 1156 1221 «
1192 1148 1407 1256 regia
1437 1147 1934 1255 benignitate
1955 1147 2425 1256 procedens,
2452 1148 2710 1229 fateor
2739 1176 2867 1227 me
2891 1146 3122 1227 vobis
3153 1149 3630 1232 obstrictum
3650 1149 3737 1228 in
3771 1150 3915 1230 im-

1122 1322 1156 1358 «
1192 1313 1591 1385 mensum,
1632 1286 1967 1366 scientes
2017 1284 2236 1397 quod
2277 1315 2405 1365 me
2436 1315 2481 1364 a
2507 1287 2790 1365 vestris
2820 1284 3418 1396 obsequiis-ulla
3459 1283 3666 1384 dies,
3706 1285 3911 1382 ullus

1118 1457 1154 1495 «
1187 1451 1408 1502 casus
1439 1421 1717 1502 avellet
1753 1423 1842 1501 'in
1878 1440 2377 1532 perpetuum.
2413 1420 2833 1535 Quidquid
2859 1441 3124 1504 autem
3148 1423 3234 1503 in
3267 1423 3331 1502 F
3335 1419 3646 1503 landria
3669 1426 3912 1502 armis

1111 1594 1147 1632 «
1182 1559 1488 1640 bellove
1516 1559 1918 1668 agendum
1956 1561 2147 1659 fuit,
2181 1563 2476 1640 virtute
2507 1559 2853 1639 militum
2880 1579 3327 1640 vestrorum
3358 1557 3461 1638 ad
3496 1559 3743 1639 finem
3780 1559 3913 1639 de-

1110 1730 1146 1770 «
1181 1697 1477 1795 bitum,
1511 1716 1591 1777 et
1614 1701 1992 1808 precipue
2032 1697 2304 1778 divina
2346 1716 2832 1807 cooperante
2865 1698 3398 1805 benignitate,
3442 1698 3570 1775 cui
3603 1701 3908 1806 gracias

1111 1867 1146 1904 «
1185 1834 1471 1932 refero,
1500 1864 1680 1913 cum
1705 1834 1997 1915 milicie
2019 1853 2275 1916 vestre
2302 1837 2705 1943 primicias
2733 1853 2896 1915 tam
2925 1832 3308 1915 laudabili
3332 1836 3750 1943 triumpho
3776 1833 3909 1915 de-

1111 2003 1146 2042 «
1182 1973 1518 2052 creverit
1555 1969 2074 2052 decorandas,
2120 1975 2221 2053 Et
2253 2001 2435 2052 cum
2475 2002 2517 2052 a
2549 1973 2821 2053 multis
2855 1989 3237 2084 queratur
3269 1999 3620 2083 quonam
3658 1972 3903 2053 modo

1110 2141 1144 2179 «
1184 2077 1666 2189 recalcitrosti
1715 2111 1992 2220 populi
2042 2113 2319 2191 innata
2373 2112 2701 2192 rebellio
2742 2109 3117 2224 deinceps
3152 2109 3408 2192 valeat
3457 2110 3899 2207 coherceri,

1107 2281 1142 2317 ε(
1179 2264 1315 2326 aut
1367 2245 1778 2356 parcendo
1816 2251 2075 2358 patrie
2115 2267 2253 2329 aut
2298 2251 2556 2361 ipsam
2598 2252 2683 2329 in
2739 2268 3041 2330 vastam
3106 2246 3620 2328 solitudinem
3684 2248 3896 2328 redi-

1105 2416 1140 2453 «
1177 2382 1474 2492 gendo,
1541 2385 1995 2496 respondeo
2040 2383 2262 2499 quod
2311 2386 2671 2468 eamdem
2713 2388 2978 2486 vobiS,
3034 2387 3099 2466 si
3151 2385 3577 2496 placuerit,
3630 2385 3901 2496 subju-
4002 2421 4009 2426 ·

1102 2555 1139 2591 «
1181 2523 1422 2630 gastis
1443 2585 1462 2620 ,
1526 2526 2317 2636 acceptissimumque
2376 2526 2635 2608 habeo
2693 2522 3092 2638 quidquid
3149 2552 3388 2633 super
3450 2523 3606 2604 hoc
3679 2526 3897 2633 regia

1105 2690 1142 2730 κ
1182 2659 1547 2767 majestas
1590 2663 1988 2741 censuerit
2025 2662 2596 2746 ordinandum.

1209 2794 1473 2876 Verba
1500 2799 1820 2878 comitis
1841 2828 1984 2879 rex
2013 2799 2441 2884 attendens
2463 2819 2543 2882 et
2573 2831 2672 2883 ex
2699 2802 3153 2911 principum
3182 2798 3550 2879 consultu
3575 2825 3897 2906 respon·

1100 2931 1296 3014 dens
1330 2964 1348 3014 ε
1383 2970 1422 3011 (ε
1451 2937 1946 3037 Priscorum,
1996 2942 2302 3052 inquit,
2337 2959 2754 3055 sequentes
2789 2941 3147 3049 vestigia,
3195 2941 3337 3051 qui
3380 2927 3893 3019 ‘clemenciam

1101 3108 1136 3144 κ
1173 3099 1317 3180 pre
1371 3078 1677 3155 eunctis
1717 3078 2155 3158 virtutibus
2209 3078 2766 3189 amplectando
2790 3141 2811 3177 ,
2862 3105 3201 3186 regnum
3253 3073 3893 3187 perpetuandum

1099 3248 1135 3284 «
1171 3215 1256 3292 in
1287 3243 1554 3295 amore
1583 3234 1664 3295 et
1693 3217 2159 3303 obediencia
2208 3217 2616 3299 duxerunt
2650 3216 3202 3315 subditorum,
3254 3219 3722 3297 comitatum
3759 3243 3894 3296 vo-

1096 3384 1131 3421 «
1168 3351 1291 3431 bis
1332 3371 1413 3431 et
1458 3353 1824 3434 subditos
1855 3355 2293 3436 liberaliter
2335 3356 2667 3436 redon0.
2709 3357 2809 3434 Et
2839 3384 2939 3434 ne
2969 3383 3112 3435 vos
3160 3371 3480 3434 teneant
3517 3351 3911 3467 ambigua-

1092 3522 1126 3559 «
1162 3490 1426 3588 verba,
1456 3490 1822 3571 hostibus
1849 3498 2077 3601 regni
2108 3495 2415 3574 favistis
2447 3490 2921 3572 familiarius
2943 3490 3224 3573 debito
3246 3555 3265 3589 ‚
3300 3489 3515 3570 unde
3539 3488 3887 3596 graciam

1092 3660 1126 3697 κ
1160 3626 1274 3735 pii
1307 3629 1696 3735 genitoris
1729 3630 1987 3709 nostri
2028 3630 2333 3739 pluries
2367 3628 2834 3739 perdidistis
2865 3647 2945 3709 et
2979 3627 3425 3706 incurristis
3465 3623 3879 3703 offensam.

1088 3798 1123 3835 ι(
1157 3763 1274 3843 Ite
1309 3782 1613 3863 tamen,
1647 3784 1727 3845 et
1766 3783 1992 3847 aucte
2039 3766 2292 3875 glorie
2327 3797 2670 3867 memor,
2718 3766 3304 3876 subjectionem
3336 3760 3687 3841 debitam
3740 3759 3889 3839 ob-

1088 3935 1124 3973 «
1155 3920 1493 4002 servate3
1538 3932 1730 3984 nam
1767 3905 2014 3985 nichil
2068 3925 2187 3987 est
2243 3904 2401 3986 fide
2446 3903 2801 3987 nobilius
2859 3905 2947 3983 in
2992 3903 3297 3984 cunctis
3352 3926 3615 3979 rerum
3655 3900 3681 3942 ¹
3735 3899 3882 3977 hu-

1093 4073 1129 4110 «
1164 4042 1444 4118 manis.
1491 4074 1532 4113 2>

1198 4176 1567 4257 Crastina
1605 4206 1796 4258 vero
1836 4178 2004 4278 die,
2043 4209 2228 4260 cum
2266 4182 2544 4261 exuvie
2595 4177 3239 4259 distraherentur
3276 4173 3766 4267 occisorum,
3802 4190 3883 4251 et

1005 4294 1010 4299 .
1085 4315 1254 4422 regi
1295 4331 1497 4393 esset
1536 4316 2004 4425 ambiguum
2037 4322 2103 4398 si
2147 4318 2563 4426 Philippus
2605 4310 2704 4395 de
2745 4311 3136 4395 Artevella
3165 4310 3358 4418 fuga
3396 4309 3660 4418 lapsus
3699 4337 3876 4389 eva·

991 4432 1028 4469 ⁹
1078 4453 1343 4550 sisset,
1376 4481 1480 4531 an
1519 4451 1930 4534 cecidisset
1960 4454 2227 4564 gladio
2258 4459 2825 4563 interemptus,
2854 4478 3035 4531 eum
3076 4448 3439 4562 perquiri
3480 4446 3873 4556 precepit,

1078 4590 1446 4698 ingencia
1473 4593 1777 4700 premia
1808 4595 2242 4713 reperienti
2266 4595 2752 4703 promittens
2773 4590 2831 4670 ².
2866 4586 3449 4669 Difficillimum
3477 4582 3879 4664 sciebatur

1078 4730 1450 4836 cognosci
1501 4756 1915 4840 nunquam
1961 4733 2413 4841 cognitum
2467 4750 2547 4813 et
2593 4729 2979 4814 obrutum
3027 4754 3323 4834 corpus
3363 4719 3883 4832 superstratis

1152 4940 1164 4962 ¹
1213 4936 1350 4991 Var.
1378 4961 1392 4990 ε
1421 4946 1490 4991 11⁰
1509 4934 1651 5011 5960
1672 4978 1692 5006 ,
1719 4936 1813 4994 sol.
1839 4938 1911 4995 50
1935 4960 2006 5011 r.,
2040 4928 2227 4998 r'ebus.
2586 4947 2605 4970 ²
2647 4939 2787 4995 Var.
2815 4963 2829 4990 .·
2860 4941 2925 4992 n⁰
2950 4933 3122 5010 5960,
3150 4932 3247 4989 tol.
3266 4928 3337 4988 50
3355 4950 3428 5001 r.,
3455 4946 3790 5004 proponens.
