4666 6014
975 613 1119 685 446
1435 604 1747 679 CHRON
1755 597 2119 687 ICORUM
2167 603 2524 678 KAROLI
2570 601 2860 680 SEXTI
2906 605 3085 680 LIB.
3141 606 3299 684 Vll.
3314 672 3328 686 .

979 783 1367 868 genarum
1389 755 1839 836 laboriosos
1867 755 2205 863 spiritus
2235 756 2546 834 meritis
2575 755 2864 864 graciis
2893 774 3524 865 compensante&
3559 778 3770 841 retu-

976 896 1243 976 lerunt
1305 919 1575 1000 regem
1633 919 1868 973 suum
1931 889 2073 972 diu
2125 909 2207 973 et
2261 920 2444 972 cum
2491 919 2805 972 summo
2872 890 3273 974 desiderio
3335 894 3765 978 adventum

974 1057 1205 1112 suum
1235 1047 1316 1111 et
1344 1056 1675 1109 suorum
1705 1045 2200 1138 expectasse3
2233 1030 2472 1146 sciret
2516 1045 2786 1117 tamen
2810 1030 3312 1139 'Hyspaniam
3336 1031 3504 1140 jam
3546 1033 3764 1114 hosti

977 1169 1474 1280 pacificatam
1523 1193 1696 1245 non
1724 1155 1970 1253 tantis
2020 1168 2275 1275 copiis
2315 1164 2700 1274 indigere.
2748 1166 3042 1279 Sicque
3082 1166 3382 1248 infecto
3425 1173 3762 1278 negocio

975 1305 1237 1387 redire
1269 1307 1355 1385 in
1390 1303 1808 1384 Franciam
1834 1304 2285 1384 maturavit.

1085 1444 1249 1544 Qui
1296 1458 1559 1521 autem
1605 1438 1892 1518 arbitri
1932 1440 2149 1548 pacis
2191 1438 2514 1518 fuerant
2560 1441 3015 1537 constituti,
3061 1469 3243 1521 cum
3285 1471 3423 1522 rex
3443 1538 3450 1546 Ι
3468 1462 3549 1523 et
3596 1441 3762 1523 dux

974 1598 1270 1660 certam
1294 1594 1374 1657 et
1401 1576 1926 1656 sufficientem
1955 1574 2570 1665 submissionem
2599 1574 2973 1654 fecissent
2988 1573 3089 1655 de
3107 1575 3499 1659 servando
3531 1577 3762 1690 quid-

972 1715 1170 1827 quid
1199 1744 1343 1824 per
1372 1741 1509 1793 eos
1538 1701 2159 1797 determinatum
2186 1711 2425 1810 foret,
2457 1730 2537 1791 et
2567 1714 3080 1793 sacramentis
3107 1713 3551 1813 vallassent,
3577 1734 3764 1826 post

971 1852 1259 1932 multas
1294 1847 1921 1929 deliberaciones
1948 1909 1968 1947 ‚
2012 1845 2341 1928 tandem
2370 1851 2457 1927 in
2490 1848 2729 1928 talem
2769 1850 3385 1957 composicionis
3415 1851 3756 1933 formam

971 2004 1522 2070 convenerunt
1574 2015 1592 2064 t
1650 1984 1872 2099 quod
1938 1983 2105 2066 dux
2157 1989 2386 2095 regni
2441 1989 2669 2096 signa
2711 1987 3084 2068 militaria
3134 2017 3314 2068 cum
3357 1987 3761 2098 leopardis

971 2127 1316 2209 deferret
1353 2142 1672 2206 exarata
1712 2143 1793 2205 et
1842 2124 2145 2236 absque
2191 2121 2658 2205 differencia
2674 2187 2694 2225 ,
2728 2123 3114 2235 quamdiu
3151 2127 3398 2206 vitam
3436 2123 3759 2207 duceret

969 2269 1054 2345 in
1085 2266 1481 2363 humanis3
1511 2262 1843 2342 ulterius
1862 2278 1941 2341 et
1963 2259 2210 2374 quod,
2243 2263 2333 2341 in
2358 2264 3097 2344 remuneracionem
3122 2262 3492 2344 laborum
3521 2281 3603 2344 et
3631 2293 3763 2344 ex-

969 2429 1398 2511 pensarum
1433 2397 1982 2509 expedicionis
2015 2400 2389 2482 instantis
2408 2460 2428 2498 ‚
2466 2427 2808 2507 regnum
2846 2399 3005 2481 sibi
3043 2400 3443 2482 tributum
3470 2429 3756 2510 peccu-

969 2540 1176 2645 niale
1207 2541 1626 2619 annuatim
1654 2538 1959 2618 solvere
1989 2555 2419 2618 teneretur.
2453 2539 2722 2649 thue
2748 2567 2909 2648 pax
2938 2529 3335 2621 sollidiori
3368 2568 3582 2620 nexu
3615 2541 3755 2619 fir·

967 2697 1320 2759 mai-etur
1353 2680 1565 2759 inter
1594 2704 1842 2784 reges,
1876 2672 2243 2755 additum
2275 2692 2395 2755 est
2427 2678 2513 2755 in
2546 2679 3171 2787 composicionis
3190 2678 3491 2777 forma,
3528 2677 3754 2789 quod

968 2816 1175 2927 regis
1200 2816 1611 2924 Hyspanie
1638 2790 1872 2912 filius,
1903 2813 1947 2892 J
1949 2812 2308 2893 ohannes
2337 2815 2693 2914 nomine,
2723 2841 2863 2895 rex
2888 2843 3212 2932 quoque
3242 2815 3750 2924 Portugallie,

966 2953 1165 3033 filias
1197 2951 1396 3034 dicti
1426 2949 1649 3032 ducis
1681 2950 2123 3032 ducerent
2101 2980 2189 3032 in
2221 2979 2537 3033 uxores,

1079 3089 2157 3184 Firmatisconvencionihus
2180 3087 2284 3169 ad
2309 3091 2681 3200 placitam
2705 3094 3086 3204 utrinque
3106 3097 3753 3193 consonanciam‚

965 3231 1103 3339 qui
1151 3228 1391 3307 rebus
1441 3226 1983 3311 interfuerunt
2037 3227 2492 3307 referebant
2535 3225 2725 3308 inde
2772 3256 2943 3309 non
2995 3231 3169 3309 sine
3219 3228 3443 3313 fluxu
3471 3259 3750 3310 mune-

966 3395 1146 3447 rum
1167 3363 1589 3473 splendida
1618 3360 1981 3445 convivia
2001 3382 2286 3453 mutuo
2316 3364 2736 3464 celebrata,
2768 3363 3212 3479 ducemque
3240 3378 3433 3449 tunc
3458 3369 3751 3447 merito

963 3504 1292 3612 gloriari
1353 3498 1608 3610 quod,
1676 3500 2081 3608 vilipensis
2149 3499 2479 3581 Gallicis
2501 3563 2520 3599 ‚
2577 3504 2805 3610 signa
2861 3501 3193 3582 Castelle
3240 3521 3319 3582 et
3371 3504 3750 3611 Legionis

962 3666 1396 3748 regnorum
1469 3665 1651 3716 cum
1714 3637 1875 3716 suis
1945 3634 2594 3719 transformasset
2610 3698 2630 3737 ,
2697 3655 2777 3717 et
2829 3639 3355 3747 Anglicorum
3426 3636 3749 3719 dextera

961 3752 1423 3887 prepotenti
1476 3777 1649 3884 ipsa
1699 3801 1946 3882 regna
2001 3772 2432 3854 tributaria
2500 3775 2834 3855 fecisset.
2897 3777 3526 3888 Assenciensque
3574 3803 3753 3885 pre-

964 3914 1199 3995 dictis
1218 3975 1237 4012 ,
1280 3916 1544 4022 ipsum
1581 3910 1864 3993 ducem
1889 3910 2201 3991 felicem
2229 3939 2409 3991 meo
2433 3910 2740 4019 judicio
2776 3930 3275 4021 reputarem3
3311 3910 3478 4012 sed,
3520 3941 3748 3995 more

963 4052 1398 4148 multorum
1417 4049 1788 4161 loquens,
1811 4048 2140 4128 for-mna
2158 4032 2491 4128 volubili
2521 4067 3023 4149 noverca-nte,
3054 4051 3293 4161 quasi·
3306 4049 3749 4131 claritatem

962 4193 1132 4304 ejus
1165 4190 1505 4270 obscura
1537 4189 1753 4269 nube
1782 4185 2207 4296 tegendam
2234 4190 2720 4298 sumpsisset,
2750 4187 2950 4282 dum
2988 4204 3524 4270 tractarentur
3559 4218 3744 4297 pre-

962 4328 1202 4428 dicta,
1241 4329 1326 4407 in
1355 4329 1712 4429 exercitu
1742 4344 1963 4407 tanta
2001 4326 2162 4423 'fuit
2187 4328 2701 4436 intemperies
2735 4353 3123 4455 aquarum
3146 4326 3749 4456 pluvialium,ut

957 4471 1212 4550 victus
1275 4483 1356 4548 et
1410 4482 1662 4551 vestes
1719 4482 2265 4575 pugnatorum
2335 4482 3105 4575 computrescerent,
3173 4483 3254 4545 et
3308 4495 3479 4547 non
3539 4483 3746 4546 esset

960 4608 1180 4687 locus
1206 4604 1351 4688 ubi
1381 4620 1710 4715 possent
1730 4604 1820 4682 in
1847 4603 2058 4683 sicco
2088 4600 2648 4712 supellectilem
2688 4600 2971 4701 locare.
3008 4598 3208 4682 Inde
3241 4600 3473 4698 famis
3520 4618 3740 4683 acer-

961 4741 1212 4824 bitate
1256 4745 1575 4852 vigente
1639 4741 2089 4851 perierunt3
2160 4755 2553 4853 tantaque
2613 4739 2873 4823 clades
2928 4743 3015 4822 in
3069 4742 3422 4843 exercitu
3472 4768 3567 4821 ex
3622 4729 3738 4818 fes}
