4666 6014
1039 663 1183 736 466
1501 655 2185 731 CHRONIGORUM
2235 657 2591 733 KARoLl
2611 615 2619 624 ⁴
2640 655 2924 730 sssxrl
2973 657 3151 730 Lm.
3205 657 3366 730 vu.

1043 812 1315 890 statim
1348 826 1705 887 extracto
1734 870 1752 906 ,
1793 807 1888 886 fit
1928 810 2250 917 sanguis
2291 811 2600 888 cunctis
2641 808 3091 915 spectaculo
3123 837 3140 906 3
3184 811 3324 919 qui
3357 825 3624 887 tamen
3650 809 3822 888 vul-

1044 965 1325 1027 nerato
1351 975 1518 1025 non
1545 965 1955 1054 stuporem
1985 945 2123 1025 sed
2150 945 2565 1026 audaciam
2590 948 3153 1053 augmentavit.
3186 945 3506 1025 Abhinc
3534 945 3832 1027 horror

1043 1087 1325 1193 ingens
1358 1084 1499 1164 diu
1530 1102 1974 1193 spectantes
2018 1087 2524 1193 perstrinxit3
2575 1103 2654 1163 et
2685 1103 2974 1163 neutro
3020 1083 3398 1163 inclinata
3429 1113 3569 1190 spe
3591 1147 3609 1183 ,
3652 1102 3823 1164 tor·

1040 1222 1286 1330 pebat
1309 1251 1466 1301 vox
1502 1224 2013 1333 spiritusque,
2046 1251 2227 1301 cum
2259 1223 2300 1300 J
2305 1222 2665 1301 ohannes
2694 1219 3072 1329 colligens
3102 1222 3187 1299 in
3217 1222 3421 1299 vires
3445 1222 3825 1320 animum,

1039 1360 1533 1469 propiusque
1562 1357 1943 1437 accedens
1976 1376 2054 1437 et
2084 1359 2572 1439 exclamans:
2606 1394 2643 1434 (ε
2661 1360 3144 1438 Nostrarum
3173 1356 3445 1435 licium
3477 1356 3646 1436 dies
3680 1360 3827 1438 iste

1043 1500 1529 1577 sentenciam
1557 1497 1741 1596 fert,
1760 1532 1797 1571 2>
1821 1499 2139 1577 sinistra
2176 1527 2416 1577 manu
2449 1499 2983 1578 summitatem
3018 1495 3235 1605 galee
3261 1493 3827 1604 apprehendit,

1041 1633 1426 1714 ,Iacobum
1459 1632 1560 1713 ad
1591 1664 1676 1714 se
1704 1635 1985 1732 traxit,
2020 1653 2258 1744 atque
2302 1633 2491 1715 inde
2518 1622 2932 1742 ⁴paululum
2972 1629 3482 1742 retrocedens
3502 1693 3520 1729 ,
3565 1633 3827 1740 ipsum

1042 1773 1283 1849 armis
1319 1787 1696 1850 onustum
1729 1771 2103 1879 gravibus
2136 1770 2308 1850 solo
2347 1770 2637 1881 dejecit
2669 1787 3185 1880 prostratum.
3235 1770 3422 1869 Quo
3454 1787 3779 1877 peracto
3808 1832 3831 1867 ,

1044 1934 1311 1985 ensem
1350 1910 1633 2005 traxit,
1674 1927 1752 1986 et
1804 1907 2142 2006 hostem,
2184 1905 2373 2019 quia
2409 1937 2554 2016 per
2581 1926 2842 1988 totum
2875 1909 3113 1987 armis
3148 1924 3575 2016 coopertus
3616 1926 3823 2006 erat,

1043 2071 1220 2121 cum
1271 2039 1738 2124 difficultate
1791 2074 2081 2154 magna
2122 2047 2548 2125 interfecit.
2609 2048 2712 2125 Et
2759 2047 3117 2157 quamvis
3169 2048 3281 2125 sic
3323 2047 3576 2124 victus
3635 2045 3823 2125 sub·

1035 2179 1303 2284 jacens
1333 2199 1412 2258 et
1431 2178 1531 2259 de
1549 2184 1880 2261 veritate
1906 2181 2231 2261 fatenda
2260 2183 2556 2291 pluries
2585 2184 3126 2289 interrogatus
3147 2183 3534 2279 avictore,
3555 2210 3825 2260 casum

1040 2318 1359 2424 penitus
1401 2316 1908 2426 denegasset,
1962 2319 2063 2399 ad
2111 2321 2563 2429 patibulum
2598 2338 2899 2418 tamen,
2937 2317 3380 2399 secundum
3412 2337 3833 2399 consuetu-

1041 2451 1311 2533 dinem
1343 2453 1822 2555 duellorum,
1847 2456 2351 2563 adjudicatur
2383 2458 2845 2539 trahendus.
2879 2458 3010 2537 Sic
3039 2460 3294 2536 mater
3327 2459 3651 2556 erroriS,
3686 2486 3828 2537 no-

1037 2617 1267 2670 verca
1305 2592 1667 2689 consilii,
1711 2595 2131 2702 repentina
2172 2592 2592 2675 credulitas
2639 2595 3251 2705 injustissimum
3299 2591 3650 2673 duellum
3695 2622 3825 2673 ex-

1040 2727 1334 2804 citavit.
1373 2724 1618 2826 Quod
1648 2726 2166 2835 postmodum
2195 2731 2572 2810 omnibus
2602 2748 2885 2812 notum
2910 2731 3067 2810 fuit
3087 2793 3105 2829 ,
3134 2758 3231 2809 eo
3260 2759 3406 2838 per
3433 2728 3825 2840 judicium

1043 2861 1143 2939 ad
1177 2882 1523 2942 mortem
1556 2863 2192 2973 condempnatO,
2226 2869 2367 2978 qui
2406 2864 2884 2947 adulterium
2922 2865 3445 2976 nephandum
3493 2869 3825 2947 commi·

1039 3016 1271 3078 serat.
1365 2999 1608 3101 Quod
1695 3000 2118 3083 attendens
2195 3003 2505 3112 prefata
2581 3003 2906 3084 domina
2934 3067 2953 3104 ,
3031 3024 3112 3084 et
3179 3004 3495 3113 culpam
3554 3005 3819 3084 animo

1039 3135 1481 3230 revolvenS,
1557 3135 1746 3217 inde
1815 3158 2001 3248 post
2058 3158 2403 3219 mortem
2463 3142 2733 3220 mariti
2775 3140 3079 3251 reclusa
3138 3140 3459 3240 effecta,
3500 3159 3689 3220 voto
3742 3169 3825 3219 se

1034 3290 1411 3392 perpetue
1444 3277 1950 3356 continencie
1987 3278 2397 3386 obligavit.
2804 3270 2810 3277 ’

1955 3560 2617 3655 CAPITULUM
2679 3561 2878 3637 XII.

2015 3769 2104 3829 De
2132 3783 2315 3830 morte
2345 3771 2493 3852 regis
2521 3768 2806 3834 Navarre.

1024 4034 1028 4039 .
1148 3970 1442 4050 Mensis
1481 3971 1827 4080 januarii
1878 3975 2137 4081 prima
2196 3972 2364 4074 die,
2421 3972 2793 4055 dominus
2839 3974 3213 4053 Karolus‘
3242 3972 3341 4053 de
3375 3974 3762 4081 Ebroycis
3793 4036 3811 4071 ,

1037 4136 1174 4187 rex
1244 4109 1631 4206 Navarre,
1711 4110 1918 4190 filius
1986 4114 2400 4220 unigenite
2460 4114 2668 4221 regis
2741 4113 2804 4190 F
2809 4115 3073 4192 rancie
3118 4111 3505 4191 Ludovici
3556 4113 3814 4191 Hutin

1037 4245 1232 4342 filie,
1274 4247 1399 4325 vir
1443 4250 1721 4359 utique
1761 4279 2064 4329 summe
2105 4250 2539 4351 industrie,
2575 4253 2678 4331 ab
2724 4251 2873 4331 hac
2915 4251 3088 4332 luce
3121 4252 3614 4331 substractus
3648 4269 3812 4349 est;

1030 4384 1198 4463 fato
1233 4385 1355 4494 cuj
1368 4413 1457 4463 us
1489 4386 1823 4465 Francia
1856 4415 2023 4467 non
2053 4389 2495 4487 condoluit,
2530 4390 2889 4500 quamvis
2923 4388 3023 4469 de
3055 4364 3306 4499 stirpe
3330 4391 3548 4497 regia
3581 4417 3663 4467 se
3690 4390 3807 4467 vi-

1031 4550 1221 4601 vens
1266 4501 1744 4629 gloriaretur
1790 4553 2225 4627 emanasse,
2269 4530 2457 4640 quia
2504 4528 2662 4608 sibi
2701 4555 3013 4636 semper
3065 4527 3443 4607 infestum
3487 4527 3809 4634 reperit.

1032 4658 1238 4737 Nam
1266 4661 1334 4737 si
1365 4688 1645 4767 regum
1673 4662 1952 4740 Karoli
1974 4663 2556 4777 Johannisque,
2594 4664 2819 4774 cujus
2852 4664 3096 4745 filiam
3126 4661 3461 4743 duxerat
3489 4666 3574 4742 in
3609 4687 3817 4742 uxo-2

1011 4822 1244 4895 ·rem,
1301 4796 1623 4877 annales
1685 4797 2217 4899 revolvantur,
2278 4802 2724 4910 legentibus
2789 4799 2961 4880 luce
3009 4800 3300 4881 clarius
3348 4798 3670 4907 patefiet
3718 4814 3811 4876 ut
