4666 6014
1143 680 1285 754 422
1626 662 2307 741 CHRONIGORUM
2359 614 2714 735 Kaaou
2767 652 3052 735 snm
3102 661 3280 735 Lm.
3333 661 3426 734 11.

1140 824 1517 931 Philippo
1542 818 1643 898 de
1678 817 1992 896 Artesio
2014 817 2374 923 capiens3
2404 815 2956 911 incarceravit3
2983 830 3063 893 et
3089 831 3286 893 tunc
3302 875 3321 911 ,
3352 840 3744 892 consensu
3769 816 3928 893 Ur·-

1137 962 1330 1042 bani
1371 959 1748 1064 antipape
1771 1016 1789 1051 ,
1849 953 1935 1031 in
1980 954 2299 1032 civitate
2340 951 2715 1059 Neapolis
2757 978 2839 1029 se
2875 950 3066 1030 feeit
3115 952 3200 1028 in
3237 974 3504 1060 regem
3547 950 3812 1030 Sicilie
3851 968 3930 1053 et

1139 1094 1569 1179 Jerusalem
1604 1090 2002 1170 coronari.
2043 1088 2172 1167 Sic
2210 1103 2659 1194 assumptus
2694 1086 2797 1168 ad
2819 1089 3047 1197 regni
3077 1086 3485 1195 'fastigium
3508 1151 3525 1179 ‚
3558 1118 3738 1166 cum
3763 1087 3928 1166 fere

1140 1236 1386 1315 trium
1414 1230 1809 1310 mensium
1847 1226 2114 1333 spacio
2149 1222 2501 1333 prefatos
2536 1225 2999 1332 Philippum
3038 1241 3116 1302 et
3149 1221 3558 1302 Othonem
3590 1224 3931 1305 incarce-

1138 1390 1353 1451 ratos
1416 1366 1834 1464 tenuisset,
1895 1392 2027 1444 eos
2086 1360 2413 1443 tandem
2433 1423 2455 1459 ,
2507 1363 2816 1469 ingenti
2875 1358 3313 1468 peccuniali
3375 1358 3932 1466 redempcione

1140 1524 1488 1615 recepta,
1531 1532 1669 1584 sue
1721 1503 2065 1582 restituit
2114 1500 2493 1580 libertati.
2551 1499 2857 1606 Regina
2906 1526 3140 1594 ver0,
3192 1494 3411 1576 tedio
3464 1497 3703 1604 longe
3755 1525 3932 1576 mo-

1140 1644 1360 1723 lestie
1420 1640 1743 1736 affecta,
1795 1639 1961 1735 vel,
2020 1655 2112 1717 ut
2164 1637 2666 1716 communius
2719 1632 3176 1730 dicebatur,
3232 1635 3458 1742 jussu
3511 1632 3794 1712 Karoli
3847 1635 3932 1712 in

1140 1778 1553 1888 ergastulis
1590 1774 2115 1883 strangulata,
2145 1772 2364 1853 diem
2399 1772 2770 1852 ultimum
2809 1770 3177 1877 signavit.

1255 2055 1373 2130 De
1414 2052 1567 2129 hiis
1609 2049 1903 2128 certior
1936 2047 2266 2127 effectus
2298 2074 2510 2153 papa
2551 2045 2956 2141 Clemens,
3000 2043 3690 2153 mobilitatemque
3731 2044 3944 2124 Pro-·

1141 2187 1597 2269 vincialium
1634 2186 2083 2264 vicinorum
2139 2185 2428 2263 timens
2458 2243 2477 2279 ,
2529 2208 2631 2260 ne
2672 2179 2867 2291 quid
2902 2177 3232 2286 dampni
3275 2178 3383 2258 ob
3422 2179 3935 2261 rebellionem

1140 2353 1418 2405 eorum
1448 2339 1886 2432 pateretur,
1919 2321 2221 2399 litteras
2253 2317 2438 2397 duci
2471 2315 3031 2425 Andegavensi
3064 2314 3396 2413 direxit,
3432 2344 3724 2423 rogans
3753 2334 3936 2396 eum

1144 2480 1235 2540 ut
1275 2457 1377 2538 ad
1420 2455 1864 2566 presidium
1897 2454 2101 2565 juris
2141 2452 2531 2551 Ecclesie,
2577 2471 2917 2532 mortem
2948 2454 3236 2549 matris,
3255 2450 3817 2533 vindicandam
3859 2473 3936 2533 et

1146 2590 1778 2701 recuperandum
1815 2618 2156 2698 regnum
2193 2590 2500 2669 viribus
2542 2606 3074 2697 attemptaret.
3108 2589 3271 2690 Qui
3305 2587 3702 2669 mandatis
3748 2618 3937 2698 apo-

1146 2732 1445 2812 stolicis
1489 2727 1956 2809 obedienter
1995 2754 2283 2834 parens
2299 2788 2319 2823 ,
2353 2725 2887 2837 undecunque
2941 2728 3210 2834 potuit
3258 2729 3699 2807 exercitum
3740 2756 3934 2807 con·

1148 2870 1528 2977 gregavit.
1568 2864 1725 2946 Sed
1765 2883 2100 2974 propter
2138 2864 2447 2973 hyemis
2487 2866 2858 2944 instantis
2889 2865 3518 2963 inclemenciam,
3560 2865 3933 2977 usquead

1149 3033 1501 3086 mensem
1535 3005 1722 3085 maii
1758 3002 1952 3083 anni
1994 3003 2399 3114 sequentis
2441 3002 2598 3082 huc
2625 3001 2938 3083 distulit
2969 3003 3393 3111 proficisci.

2125 3267 2709 3348 CAPITULUM
2769 3271 2947 3354 vn.

2048 3478 2313 3539 Castrum
2358 3479 2738 3542 subterraneo
2772 3483 3019 3563 capitur.

1262 3688 1561 3765 Rerum
1597 3681 2143 3765 vicissitudine
2176 3688 2289 3765 sic
2332 3705 2760 3786 crescente,
2810 3715 2995 3766 cum
3033 3686 3409 3766 dominus
3438 3689 3939 3768 marescallus

1146 3823 1518 3938 francie,
1564 3818 2018 3901 Ludovicus
2052 3819 2277 3901 Sacri
2303 3824 2643 3921 CesariS,
2676 3826 3148 3904 auctoritate
3192 3825 3398 3929 regis
3427 3824 3940 3932 Aquitaniam

1148 3990 1195 4040 a
1227 3958 1715 4040 discursibus
1755 3960 2109 4040 hostium
2140 3962 2289 4041 sub
2321 3962 2722 4070 leopardis
2749 3965 3277 4043 militancium
3321 3960 3771 4041 defensaret
3791 4024 3808 4058 ‚
3859 3981 3939 4040 et

1150 4098 1681 4177 Subterranee
1724 4096 2150 4206 oppidum,
2201 4129 2481 4180 eorum
2541 4101 2980 4210 principale
3025 4099 3641 4207 receptaculum,
3686 4098 3938 4178 multo

1149 4251 1510 4342 tempore
1570 4230 2050 4332 obsedisset,
2099 4237 2416 4343 Anglici
2469 4240 2743 4316 innata
2796 4236 3223 4316 calliditate
3281 4234 3496 4315 diem
3551 4238 3932 4343 assignari

1149 4390 1531 4478 poscunt,
1569 4374 1655 4451 in
1696 4400 1856 4483 qua
1893 4371 2200 4452 viribus
2249 4372 2606 4456 adauctis
2652 4375 2840 4454 belli
2893 4376 3449 4494 experirentur
3499 4373 3932 4452 fortunam.

1149 4511 1403 4589 Petita
1429 4509 1858 4589 liberaliter
1881 4511 1905 4551 ¹
1943 4537 1989 4588 a
2020 4512 2482 4592 marescallo
2503 4575 2521 4610 ,
2550 4513 2943 4594 bellorum
2980 4512 3537 4622 cupidissim0‚
3573 4539 3939 4592 concessa

1090 4632 1106 4648 ’
1148 4665 1373 4744 sunt,
1419 4675 1519 4726 ue
1558 4644 2235 4755 pusillanimitatis
2287 4649 2524 4727 titulo
2583 4668 3023 4730 notaretur.
3089 4650 3248 4731 Sed
3302 4668 3486 4730 ante
3554 4665 3940 4728 statutum

1222 4858 1235 4879 ¹
1260 4852 1422 4907 ‘Van
1456 4873 1471 4901 ··
1498 4870 1561 4908 n⁰
1576 4850 1745 4927 5960,
1768 4851 1867 4907 fol.
1898 4856 1964 4916 ko
1992 4872 2062 4923 r.,
2095 4854 2351 4910 libenter.
