4666 6014
1111 683 1254 757 656
1580 674 2260 749 CHRONICORUM
2310 674 2666 748 KAROLI
2716 671 2999 750 SEXTI
3040 672 3216 743 LIB.
3271 670 3406 743 XI.

1111 857 1346 911 naves
1379 831 1700 908 intrare.
1747 824 1908 905 Sed
1935 827 2312 906 anchoris
2355 824 2641 905 avulsis
2683 853 2730 903 a
2776 824 3084 919 littore,
3119 848 3303 901 cum
3351 819 3608 898 ventis
3642 846 3889 927 expo-

1113 970 1452 1048 suissent
1520 964 1880 1061 carbasa,
1950 962 2313 1043 nundum
2392 981 2661 1043 exacta
2722 962 2924 1041 hora
2986 958 3175 1040 diei·
3209 959 3487 1054 tercia,
3562 975 3890 1063 repente

1111 1120 1536 1212 tempestas
1586 1119 1762 1180 orta
1805 1117 1924 1179 est
1967 1099 2438 1212 procellosa,
2496 1127 2651 1212 que
2697 1123 2935 1180 naves
2985 1091 3417 1176 hinc-'inde
3471 1093 3765 1200 sparsit
3810 1112 3889 1171 et

1111 1215 1462 1349 disjecit,
1505 1256 1924 1317 nautarum
1959 1238 2248 1343 pericia
2281 1254 2474 1316 tunc
2501 1235 2908 1315 frustrata.
2950 1233 3079 1313 Ab
3111 1233 3266 1312 hiis
3310 1234 3450 1344 qui
3487 1232 3723 1311 rebus
3765 1231 3888 1309 in-

1113 1377 1561 1457 terfuerunt
1589 1372 1873 1454 didisci
1906 1391 2099 1453 tunc
2129 1399 2406 1453 omnes
2438 1376 2707 1453 animo
2728 1385 3279 1452 consternatos
3307 1363 3659 1448 extitisse
3678 1430 3697 1466 ,
3731 1396 3893 1446 cre-

1113 1513 1391 1594 dentes
1433 1509 1651 1620 quod
1698 1512 1809 1589 eis
1842 1508 2272 1590 discrimen
2317 1509 2771 1589 inevitabile
2803 1510 3295 1604 immineret,
3345 1506 3892 1615 prefectosque

1112 1651 1435 1728 navium
1489 1648 1879 1726 instanter
1910 1647 2314 1728 monuisse
2339 1708 2359 1742 ‚
2391 1663 2481 1756 ut
2511 1647 2802 1742 Deum,
2855 1647 2982 1724 cui
3017 1673 3099 1725 se
3130 1642 3474 1722 militare
3524 1641 3887 1724 decreve-

1111 1802 1330 1882 rant,
1375 1786 1877 1880 invocarent3
1923 1784 2049 1861 cui
2089 1811 2271 1861 cum
2303 1811 2386 1862 se
2428 1782 2838 1862 humiliter
2864 1767 3418 1878 devovissent,
3460 1780 3725 1860 classis
3758 1779 3893 1859 fla-

1114 1923 1332 2002 tibus
1367 1938 1541 2001 acta
1578 1921 1984 2030 prosperis
2014 1921 2305 2000 iterum
2345 1909 2768 2000 adunatur.
2801 1917 2998 1999 Inde
3020 1981 3038 2016 ,
3084 1947 3275 1997 aura
3308 1918 3633 2025 pacifica
3689 1916 3889 1996 diri-

1115 2075 1350 2166 gente
1370 2057 1798 2164 navigium,
1818 2057 1901 2135 in
1923 2056 2350 2134 nonnullas
2369 2056 2609 2136 urbes
2632 2083 2755 2133 ma
2765 2056 3067 2134 ritimas
3086 2052 3394 2163 sordidi
3414 2053 3889 2132 Machometi

1113 2191 1695 2272 tradicionibus
1746 2173 2394 2289 sub'ditas,vires
2445 2191 2792 2299 experiri
2826 2190 3112 2269 Gallici
3165 2191 3459 2297 pluries
3504 2216 3889 2296 poposce-

1114 2345 1346 2426 runt,
1388 2326 1607 2437 quod
1653 2327 2082 2406 Januenses
2125 2328 2454 2405 minime
2509 2328 3080 2434 permiserunt,
3120 2324 3500 2405 addentes
3535 2356 3552 2403 :
3592 2360 3633 2401 t<
3665 2326 3892 2434 Opus

1118 2502 1154 2538 «
1198 2463 1411 2544 aliud
1443 2464 1673 2545 vobis
1703 2480 1980 2560 restat,
2024 2460 2126 2541 ad
2167 2461 2388 2573 quod
2427 2464 2728 2541 evocati
2755 2464 2987 2559 estis3
3017 2479 3098 2540 et
3134 2461 3290 2541 hoc
3333 2460 3888 2569 agrediemini,

1117 2636 1155 2676 <c
1194 2629 1375 2681 cum
1425 2616 1749 2709 portum
1797 2598 2525 2706 Cartaginiensern,
2574 2599 2926 2677 Domino
2979 2595 3500 2694 concedente,
3550 2599 3890 2704 attinge-

1118 2774 1156 2813 ε(
1190 2765 1390 2817 mus.
1428 2772 1466 2810 2>
1500 2736 1628 2817 Ad
1666 2733 2097 2840 vindictam
2130 2717 2318 2812 sane
2354 2732 2746 2844 optabant
2796 2730 3229 2841 procedere
3280 2731 3491 2811 unde
3542 2731 3890 2841 dampna

1117 2889 1707 2984 processerant,
1763 2872 2221 2977 ignorantes
2250 2897 2540 2977 ⁵regem
2589 2869 2908 2949 Tunicii
2955 2869 3357 2976 ingentem
3413 2867 3888 2948 Sarraceno-

1117 3041 1294 3091 rum
1350 3006 1940 3089 multitudinem
1991 3005 2092 3087 ad
2147 3003 2671 3086 resistendum
2722 3033 3284 3115 congregasse3
3351 3034 3691 3113 quorum
3757 3035 3892 3085 sex

1117 3147 1331 3226 milia
1369 3145 1757 3255 deputans
1803 3143 1906 3224 ad
1950 3145 2484 3223 municionem
2528 3144 2745 3241 ville,
2792 3143 3184 3251 reliquOS,
3224 3143 3520 3223 scilicet
3558 3141 3895 3251 quadra-

1119 3287 1340 3392 ginta
1362 3345 1381 3381 ,
1417 3284 1502 3362 in
1537 3281 2112 3391 campestribus
2138 3281 2385 3360 locari
2415 3298 2909 3391 preceperat,
2949 3300 3028 3360 et
3054 3280 3169 3362 ibi
3199 3299 3619 3391 expectare
3649 3281 3895 3361 chris-

1031 3442 1036 3447 ·
1117 3419 1391 3499 ticolas
1423 3417 1623 3526 pede
1654 3418 1843 3498 fixo.

1231 3557 1556 3655 Quanta
1606 3553 1981 3636 aviditate
2034 3583 2312 3635 eorum
2368 3559 2833 3664 sanguinem
2882 3555 3307 3655 siciebant,
3353 3572 3661 3634 tantum
3724 3555 3894 3634 sine

1114 3692 1441 3773 fastidio
1481 3693 1627 3772 hec
1669 3720 1859 3800 gens
1912 3694 2434 3772 maximarum
2481 3693 2767 3772 virium
2816 3711 2894 3773 et
2932 3694 3098 3773 fere
3152 3691 3642 3772 incredibilis
3674 3691 3895 3799 agili-

1118 3830 1302 3908 tatis
1338 3830 1928 3936 obtemperavit
1974 3831 2315 3935 imperio
2341 3889 2361 3925 ,
2417 3832 2821 3937 premissis
2863 3831 3003 3940 qui
3043 3827 3574 3910 custodientes
3622 3828 3893 3908 littora

1117 3969 1308 4045 totis
1337 3966 1639 4046 viribus
1678 3964 2158 4073 impedirent
2214 3995 2314 4045 ne
2354 3964 2453 4045 ad
2513 3984 2808 4045 terram
2863 3964 3470 4060 descenderent,
3527 3963 3666 4043 sed
3702 3962 3895 4043 dum

1117 4101 1681 4210 egrederentur
1737 4103 1835 4181 cle
1884 4102 2257 4200 navibuS,
2308 4102 2588 4211 jaculis
2628 4101 3159 4182 obruerentur
3199 4119 3279 4181 et
3325 4102 3658 4210 sagittis.
3694 4103 3896 4181 Hos-

1115 4239 1318 4316 tium
1365 4257 1833 4347 apparatum
1859 4298 1879 4334 ,
1927 4235 2291 4317 nundum
2331 4267 2467 4318 sex
2511 4239 2803 4323 exactis
2849 4238 3114 4336 horis,
3158 4240 3453 4348 navigii
3501 4238 3892 4347 prefectus

1118 4376 1654 4482 comperiens,
1705 4401 1894 4453 mox
1948 4373 2331 4454 militibus
2381 4377 2767 4472 evocatiS,
2818 4374 3239 4486 multisque
3289 4374 3570 4455 mediis
3611 4375 3895 4454 exhor-

1120 4513 1432 4591 tatoriis
1469 4540 1698 4591 usus:
1736 4545 1774 4583 c<
1804 4511 1988 4591 Non
2029 4541 2171 4590 vos
2194 4573 2212 4609 ,
2250 4515 2549 4623 inquit,
2583 4530 2916 4610 terreat,
2950 4513 3531 4593 commilitones
3563 4512 3890 4619 optimi,

1122 4680 1158 4739 (ς
1199 4644 1638 4725 infidelium
1676 4646 1820 4725 hec
1851 4645 2281 4726 multitudo
2308 4648 2673 4747 confusa,
2708 4667 2989 4730 contra
3021 4677 3256 4757 quam
3288 4646 3672 4757 congredi
3712 4665 3791 4726 et
3826 4649 3893 4725 si

1121 4817 1156 4861 ι(
1200 4782 1523 4865 difficile
1554 4785 1783 4865 vobis
1812 4782 2198 4882 videatur,
2229 4786 2433 4867 sicut
2466 4787 2738 4869 melius
2764 4816 2892 4867 me
2919 4788 3206 4884 nostiS,
3241 4805 3321 4866 et
3348 4813 3658 4894 semper
3687 4782 3893 4865 diffi-
