4666 6014
1102 646 1248 721 496
1540 637 2223 717 CHRONICORUM
2271 639 2647 715 KAROLI.
2676 638 2962 713 SEXTI
3009 641 3187 714 LIB.
3242 640 3434 718 VIII.

1104 791 1670 904 pertractabat,
1708 808 1791 871 et
1819 789 2182 873 fidelitati
2205 819 2486 871 eorum
2515 791 2931 901 specialium
2972 819 3056 870 se
3085 794 3557 874 commitens
3588 792 3888 875 eisdem

1109 933 1350 1013 cicius
1385 930 1605 1042 justo
1652 929 2262 1038 obtemperabat
2309 930 2397 1008 in
2446 928 2846 1009 omnibus.
2904 927 3206 1009 Pluries
3254 929 3567 1010 lenibus
3620 932 3885 1012 verbis

1097 1084 1533 1176 temptatus
1562 1064 1821 1146 fuerat
1853 1066 2355 1165 commutari,
2393 1084 2473 1146 et
2502 1082 2590 1144 ut
2610 1064 3093 1176 relinqueret
3110 1091 3417 1147 morem
3437 1066 3676 1146 istum
3699 1097 3719 1167 ;
3743 1066 3882 1149 sed

1095 1206 1577 1313 contemptis
1600 1205 1931 1284 monitis
1964 1200 2066 1284 ad
2097 1222 2363 1284 actum
2391 1201 2857 1311 indignacio
2891 1204 3004 1283 sic
3034 1204 3456 1312 processit,
3490 1221 3621 1303 ut,
3655 1207 3882 1316 quasi

1096 1340 1746 1423 diffidenciarum
1776 1342 2274 1422 occasionem
2313 1337 2698 1439 dedisset,
2735 1325 3080 1449 predicti
3100 1342 3384 1447 patrui
3429 1370 3612 1421 cum
3647 1343 3882 1450 sagit-

1094 1480 1488 1570 tariorum
1567 1480 1951 1558 immensa
2021 1478 2102 1556 vi
2176 1493 2717 1593 pugnatorum
2790 1478 3108 1585 agmina
3188 1461 3708 1586 loricatorum
3773 1476 3877 1559 ad

1092 1644 1443 1724 unguem
1497 1615 2031 1723 collegerunt3
2084 1642 2240 1726 que
2297 1615 2529 1725 quasi
2606 1632 2887 1694 contra
2945 1615 3259 1695 hostem
3318 1616 3731 1725 publicum
3789 1618 3876 1697 in

1095 1769 1485 1863 apparatu
1513 1751 1805 1832 bellico
1832 1766 2018 1832 ante
2045 1735 2592 1848 Londoniam,
2621 1750 2764 1830 ubi
2796 1778 2939 1830 rex
2977 1769 3173 1832 tunc
3211 1747 3612 1834 residebat
3636 1814 3657 1851 ,
3699 1781 3878 1862 per-

1095 1884 1526 1970 duxerunt.

1160 2007 1166 2014 ’
1208 2026 1873 2134 Conspiratorum
1930 2023 2315 2106 adventus
2366 2041 2634 2133 regem
2676 2026 3005 2104 minime
3067 2025 3341 2124 latuit3
3390 2029 3874 2138 cupiensque

1092 2190 1371 2255 eorum
1396 2163 1865 2242 temeritatis
1908 2159 2324 2242 audaciam
2360 2161 2667 2242 viribus
2706 2159 3117 2258 edomare,
3152 2189 3248 2240 ex
3284 2162 3590 2243 civibus
3621 2181 3702 2242 et
3742 2162 3877 2243 de-

1091 2298 1559 2379 Curionibus
1588 2300 1752 2380 suis
1784 2298 2106 2408 collegit
2134 2300 2375 2397 acies;
2402 2317 2558 2408 ‘que
2587 2314 2963 2380 exeuntes
2986 2296 3090 2376 ab
3108 2296 3345 2396 urbe,
3381 2314 3470 2376 ut
3492 2299 3873 2410 utrinque
3993 2380 4008 2394 ‚

1088 2453 1369 2517 mutuo
1427 2463 1512 2514 se
1556 2453 2191 2543 conspexerunt,
2252 2463 2444 2514 mox
2493 2436 3072 2552 ingeminantes
3113 2432 3214 2514 ad
3261 2451 3604 2513 mortem
3647 2437 3872 2544 prius

1087 2600 1172 2652 se
1221 2588 1501 2652 mutuo
1553 2569 1837 2680 gladiis
1900 2572 2484 2680 impingemnt,
2543 2598 2796 2678 quam
2838 2568 3261 2651 educentes
3314 2598 3545 2651 arcus
3603 2568 3871 2651 debite

1088 2706 1624 2788 collocassent.
1678 2708 1936 2786 Atrox
1994 2706 2340 2815 prelium
2397 2705 2593 2806 suit,
2640 2724 2721 2785 et
2776 2734 2875 2785 ex
2947 2723 3280 2828 utraque
3349 2725 3577 2816 parte
3636 2709 3866 2789 multi

1093 2861 1573 2923 corruerunt
1625 2838 2096 2923 moribundi
2150 2859 2231 2921 et
2283 2819 2620 2921 letaliter
2673 2843 3023 2922 sauciati.
3073 2843 3176 2923 Et
3221 2846 3579 2955 quamvis
3632 2873 3863 2953 pares

1086 3007 1422 3061 numero
1451 2996 1531 3060 et
1557 2979 1923 3063 viribus
1901 3007 1985 3059 ln
2029 2978 2435 3087 principio
2471 2996 2985 3089 apparerent,
3025 2977 3349 3061 tandem
3385 2998 3650 3062 tamen
3689 2981 3861 3064 for-

1087 3134 1283 3197 tuna
1320 3117 1590 3198 favens
1629 3117 1807 3225 plus
1856 3117 2302 3196 exercitatis
2349 3116 2435 3194 in
2481 3117 2760 3214 armis,
2808 3117 3013 3197 cives
3064 3117 3332 3197 animo
3375 3122 3860 3199 consternati

1085 3280 1234 3334 nec
1272 3253 1617 3335 valentes
1665 3253 2002 3361 amplius
2039 3254 2206 3360 pati
2248 3249 2569 3361 pondus
2600 3252 2822 3351 belli,
2869 3253 3513 3352 subcubuerunt3
3545 3283 3859 3336 omnes-

1084 3418 1241 3503 que
1271 3387 1576 3470 ibidem
1599 3387 1811 3470 diem
1842 3389 2210 3469 ultimum
2241 3390 2723 3496 signassent,
2754 3390 2910 3473 uisi
2945 3391 3476 3497 ignominiosa
3504 3391 3694 3499 fuga
3720 3420 3859 3471 sue

1083 3526 1664 3609 consuluissent
1700 3525 1964 3606 saluti.

1194 3665 1518 3745 Peracta
1547 3665 1880 3746 victoria
1899 3725 1919 3761 ,
1961 3691 2103 3743 rex
2126 3692 2332 3776 equo
2356 3664 2847 3751 velocissimo
2875 3681 3140 3773 vectus
3161 3725 3180 3763 ,
3218 3665 3395 3743 loco
3436 3662 3722 3745 cedens
3754 3663 3857 3745 ad

1081 3780 1668 3912 propinquiora
1708 3798 1962 3880 castra
1991 3827 2074 3879 se
2106 3798 2438 3881 indilate
2465 3801 2828 3882 contulit.
2874 3802 2977 3882 Et
3008 3804 3195 3913 quia
3238 3801 3406 3910 ejus
3449 3802 3717 3909 patrui
3770 3803 3857 3881 in

1082 3956 1422 4018 mortem
1456 3935 1987 4049 quorumdam
2024 3937 2632 4017 familiariorum
2652 3966 3000 4018 asuorum
3038 3935 3300 4018 modis
3333 3937 3710 4018 omnibus
3741 3967 3858 4020 as-

1081 4072 1485 4182 pirabant,
1515 4102 1697 4153 cum
1725 4070 1828 4153 de
1850 4101 2129 4154 eorum
2158 4075 2578 4154 securitate
2606 4076 2693 4153 in
2717 4102 2800 4154 se
2828 4076 3006 4183 ipso
3040 4072 3347 4155 diucius
3376 4091 3853 4185 pertractas-

1082 4228 1242 4311 set,
1275 4238 1411 4293 eos
1457 4209 1560 4292 ad
1587 4240 1855 4325 regem
1887 4212 1952 4291 F
1954 4212 2223 4291 rancie
2259 4211 2479 4291 misit
2510 4240 2690 4291 cum
2720 4192 3090 4320 ‘apicibus
3123 4213 3358 4321 regiis
3378 4272 3397 4309 ‚
3440 4213 3526 4291 in
3561 4211 3854 4324 quibus

1083 4352 1348 4460 ipsum
1403 4349 1776 4430 obnixius
1838 4347 2221 4461 exorabat
2242 4409 2263 4449 ,
2330 4322 2425 4428 ut
2482 4349 2661 4459 jure
2730 4348 3245 4456 cognacionis
3310 4347 3852 4457 impendendo

1086 4483 1533 4568 subsidium
1574 4484 1839 4568 exules
1889 4485 2213 4595 pacifice
2260 4504 2789 4583 conservaret.
2840 4487 2940 4567 In
2999 4488 3385 4568 concione
3440 4486 3575 4567 illa
3622 4487 3852 4568 multi

1083 4626 1436 4732 insignes
1484 4624 1774 4703 milites
1818 4623 2368 4724 habebantur3
2410 4626 2881 4707 auctoritate
2932 4642 3199 4705 tamen
3238 4621 3405 4705 dux
3441 4624 3852 4733 Hybernie

1081 4777 1382 4842 ceteros
1401 4760 1900 4871 precellebat.
1918 4762 2022 4844 Et
2042 4740 2193 4843 bos
2212 4790 2488 4845 omnes
2511 4790 2652 4843 rex
2676 4763 3011 4845 Francie
3040 4780 3507 4873 patruorum
3523 4787 3851 4845 suorum
