4666 6014
1112 698 1257 769 624
1591 689 2272 765 CHRONICORUM
2323 687 2677 763 KAROLI
2727 688 3011 762 SEXTI
3060 689 3237 762 LIB.
3294 688 3395 762 X.

1109 844 1546 924 nobiliores
1574 860 1651 921 et
1693 840 1792 922 de
1823 842 2206 950 sanguine
2236 843 2458 950 regio
2503 841 2899 950 procreati
2918 903 2937 940 ‚
2984 858 3075 920 ut
3106 837 3545 947 prandium
3572 841 3888 948 magni-

1111 983 1481 1064 ficencius
1517 978 1983 1077 redderent,
2012 978 2306 1060 fercula
2337 978 3013 1058 ministraverunt.
3060 977 3264 1057 Cum
3295 995 3599 1086 quanto
3629 993 3890 1057 autem

1064 1121 1456 1218 bonore,
1511 1136 1970 1231 quantoque
2031 1115 2273 1198 divite
2331 1115 2551 1196 fluxu
2609 1118 3064 1208 convivium
3112 1115 3611 1219 celebratum⁸
3648 1115 3892 1196 fuerit
3976 1155 3980 1160 ·
4067 1129 4073 1138 '

1110 1257 1455 1338 scribere
1518 1284 1808 1336 vanum
1864 1272 2104 1353 esset,
2169 1272 2249 1334 et
2318 1252 2799 1364 compendio
2862 1252 3217 1334 officeret
3266 1251 3485 1365 quod
3536 1251 3890 1334 studiose

1108 1423 1384 1504 quero.
1429 1395 1710 1473 Dicam
1739 1412 2005 1473 tamen
2037 1389 2257 1504 quod
2300 1387 2604 1472 ibidem
2644 1419 2814 1472 non
2848 1389 3103 1472 defuit
3139 1388 3359 1503 quod
3399 1389 3713 1471 deceret
3751 1418 3889 1500 pa-

1110 1534 1370 1641 palem
1408 1531 1977 1611 sublimitatem
2009 1530 2129 1609 vel
2160 1530 2459 1638 regiam
2510 1531 3021 1639 majestatem.
3069 1526 3268 1609 Inde
3310 1529 3669 1609 exhibite
3700 1545 3887 1608 sunt

1107 1672 1179 1749 ei
1209 1669 1752 1749 assistencium
1791 1666 2185 1747 baronum
2234 1664 2745 1748 subditorum
2775 1697 2952 1747 cum
2995 1667 3226 1748 solita
3252 1668 3884 1778 juramentorum

1100 1807 1360 1888 forma
1392 1805 1865 1886 manualiter
1897 1802 2348 1904 fidelitates,
2388 1804 2810 1916 honorque
2857 1807 3122 1916 regius
3165 1833 3346 1885 cum
3384 1805 3605 1885 omni
3635 1803 3886 1911 pleni·-

1109 1942 1390 2024 tudine
1428 1959 1548 2024 est
1576 1941 1990 2051 depensus.
3781 1955 3788 1960 ’

1216 2083 1390 2162 Jam
1449 2082 1770 2192 jamque
1821 2109 2171 2163 summus
2218 2082 2586 2192 pontifex
2637 2082 2919 2191 palacii
2971 2080 3625 2192 procuratoribus
3685 2108 3881 2192 que-

1103 2217 1291 2299 dam
1319 2220 1519 2298 mire
1547 2218 2011 2299 excellencie
2052 2217 2488 2301 diversoria
2526 2220 2738 2300 infra
2779 2220 3059 2328 palacii
3115 2218 3507 2299 ambitum
3559 2217 3881 2326 regibus

1102 2358 1418 2465 suisque
1459 2356 1827 2465 palatinis
1873 2359 2131 2466 aptari
2172 2374 2670 2467 preceperat,
2721 2357 2807 2435 in
2845 2358 3320 2468 signumque
3353 2354 3609 2435 filialis
3641 2353 3880 2436 dilec-

1102 2493 1350 2571 tionis
1409 2492 1602 2601 ipsis
1655 2492 2086 2599 penetralia
2138 2521 2305 2572 non
2353 2494 2510 2573 nisi
2566 2492 3019 2574 domesticis
3085 2496 3247 2573 suis
3312 2494 3620 2601 pervia,
3681 2492 3879 2572 lares

1103 2631 1422 2741 quoque
1462 2628 2030 2710 secrecioribus
2071 2629 2345 2710 usibus
2394 2628 2835 2729 dedicat03,
2877 2630 3290 2711 thesauros
3336 2647 3417 2710 et
3465 2632 3879 2709 universo-

1099 2794 1281 2845 rum
1314 2763 1951 2847 desiderabilium
1981 2768 2515 2872 reposiciones
2561 2769 2673 2848 eis
2710 2767 3004 2876 pluries
3034 2770 3436 2847 reseravit.
3479 2768 3650 2846 Rex
3688 2793 3879 2846 vero

1106 2902 1475 2998 Francie,
1530 2881 1826 2984 habitis
1881 2901 2342 3015 frequenter
2397 2933 2578 2985 cum
2632 2934 2873 3017 papa,
2940 2923 3109 2987 tum
3141 2932 3530 3004 seorsum,
3566 2920 3736 3014 tum
3791 2904 3880 2983 in

1098 3056 1277 3118 cetu
1307 3022 1854 3139 cardinalium,
1888 3044 2207 3122 secretis
2236 3043 2586 3124 consiliis
2615 3072 2853 3153 super
2889 3063 3101 3126 statu
3130 3043 3475 3125 Ecclesie
3493 3105 3513 3143 ,
3556 3040 3883 3125 tandem

1105 3194 1562 3265 sanctorum
1604 3180 1963 3259 omnium
2000 3179 2503 3261 solemnitate
2557 3199 2910 3290 peracta,
2963 3185 3171 3263 votis
3225 3200 3305 3264 et
3344 3185 3879 3293 peticionibus

1105 3314 1273 3421 ejus
1312 3314 1637 3423 plenum
1665 3332 1745 3396 et
1774 3334 2139 3424 optatum
2181 3318 2561 3426 pollicens
2601 3319 3004 3417 effectum,
3039 3339 3134 3401 ut
3171 3349 3422 3434 usque
3457 3321 3558 3402 ad
3602 3350 3879 3404 nume-

1105 3479 1282 3530 rum
1324 3454 2010 3561 septingentorum
2058 3472 2137 3534 et
2174 3457 2756 3567 quinquaginta
2806 3456 3380 3539 beneficiorum
3423 3460 3882 3540 ecclesiasti-

1105 3616 1385 3667 corum
1430 3587 1533 3669 ad
1580 3607 1861 3669 nutum
1907 3609 2176 3698 posset
2231 3580 2717 3703 pauperibus
2771 3594 3076 3677 clericis
3139 3599 3369 3705 regni
3427 3600 3549 3677 sui
3607 3600 3878 3707 provi-

1107 3724 1327 3823 dere,
1393 3726 1775 3834 graciose„
1811 3744 1890 3806 et
1956 3728 2388 3813 liberaliter
2439 3737 2855 3814 concessit.
2906 3734 3032 3815 Ad
3095 3738 3577 3847 peticionem
3630 3742 3880 3821 eciam

1104 3862 1313 3969 regis
1333 3922 1352 3959 ,
1387 3863 1672 3942 eximie
1702 3863 2113 3972 religionis
2143 3883 2221 3945 et
2260 3869 2994 3977 circumspectionis
3032 3870 3155 3953 vir
3192 3874 3439 3954 frater
3470 3874 3514 3953 J
3519 3875 3879 3956 ohannes

1104 3993 1204 4074 de
1262 4014 1537 4077 sancto
1569 4000 1843 4097 Avito,
1894 4002 2331 4082 monachus
2359 3980 2622 4085 ¹sancti
2677 4007 3045 4115 Dyonisii
3087 4011 3172 4089 in
3218 4011 3588 4109 Francia,
3630 4012 3879 4093 abbas

1102 4135 1354 4213 sancti
1386 4133 1745 4215 Medardi
1772 4135 2385 4238 suessionensis,
2415 4169 2506 4220 ac
2535 4139 2825 4223 deinde
2851 4174 3018 4225 non
3052 4144 3191 4226 diu
3219 4164 3401 4256 post
3423 4148 3880 4230 Abrincen-

1102 4271 1208 4350 sis
1234 4273 1655 4381 episcopus
1696 4292 1818 4353 est
1856 4274 2203 4357 effectus.
2245 4276 2580 4387 Insuper
2614 4279 2715 4360 ad
2745 4266 3093 4362 amorem
3128 4303 3491 4365 mutuum
3540 4287 3879 4395 amplius

1004 4400 1013 4407 ⁸
1101 4408 1795 4490 corroborandum
1818 4473 1837 4508 ,
1890 4413 2240 4493 instituit
2287 4433 2380 4497 ut
2431 4414 2532 4495 ad
2576 4417 3179 4520 Carnotensem‚
3238 4422 3880 4505 Autissiodoren-

1103 4575 1264 4625 sem
1302 4577 1392 4627 ac
1424 4548 1856 4631 nonnullos
1904 4549 2097 4630 alios
2143 4554 2683 4663 episcopatuS,
2732 4572 2923 4640 tunc
2960 4560 3045 4639 in
3079 4561 3435 4642 favorem
3473 4563 3721 4672 ipsius
3761 4591 3878 4644 re-

1088 4702 1486 4799 servato&
1532 4688 1599 4766 is
1639 4704 2070 4770 assumeret
2111 4718 2312 4797 quos
2343 4691 2605 4792 vellet,
2648 4714 2728 4775 et
2764 4715 2857 4776 ut
2888 4695 3260 4780 dominus
3300 4700 3363 4787 F
3365 4702 3661 4782 erricus
3696 4700 3880 4782 Cas-

962 4932 967 4943 t
1048 4821 1059 4829 '
1102 4820 1335 4920 sinel,
1369 4823 1452 4902 in
1503 4841 1844 4939 utroque
1883 4827 2063 4936 jure
2112 4845 2192 4909 et
2235 4854 2451 4910 sacra
2499 4832 2793 4945 pagina
2836 4832 3119 4916 doctor
3157 4838 3528 4940 eximius,
3571 4840 3745 4956 qui,
3783 4857 3877 4920 ut
