4666 6014
1054 677 1197 766 266
1534 669 2218 745 CHRONICORUM
2265 669 2624 743 KAROLI
2674 669 2960 743 SEXTI
3008 671 3186 744 ΠΒ.
3242 665 3389 746 1V.'

1058 825 1389 937 pel-cilio
1416 887 1435 923 ‚
1506 824 1774 903 multis
1825 823 2090 904 verbis
2149 823 2813 932 amphibologicis
2875 825 3187 930 tempus
3242 823 3327 900 in
3378 845 3674 900 vanum
3714 837 3834 898 te-

1059 982 1355 1060 renteS‚
1406 985 1874 1072 semperque
1936 959 2499 1070 pretendentes
2567 957 2786 1072 quod
2851 976 3241 1068 perpetuo
3306 954 3836 1037 intendebant

1059 1103 1355 1180 corone
1403 1099 1466 1177 F
1470 1100 1737 1178 rancie
1783 1096 2113 1208 obedire
2132 1161 2151 1196 ‚
2204 1100 2492 1177 iterum
2526 1107 2975 1177 ‘oraverunt
3019 1113 3111 1175 ut
3156 1112 3577 1174 tractatum
3617 1095 3832 1202 paci-

1056 1235 1295 1316 ficum
1335 1238 1546 1315 inter
1582 1233 1798 1342 ipsos
1838 1254 1917 1314 et
1956 1237 2326 1314 comitem
2368 1234 2729 1341 majestas
2769 1234 2987 1342 regia
3028 1259 3508 1343 componere
3546 1227 3830 1337 digna-

1054 1392 1275 1454 retur
1307 1402 1396 1453 ac
1450 1374 1700 1452 eciam
1728 1371 2226 1451 confirmare.
2267 1372 2370 1449 Et
2408 1370 2556 1450 hee
2589 1369 2866 1469 verba,
2901 1372 3261 1482 quamvis
3295 1371 3381 1451 in
3418 1365 3835 1477 superficie

1050 1510 1380 1589 multam
1406 1505 1866 1608 viderentur
1894 1509 2189 1588 hahere
2217 1507 2779 1605 humilitatem,
2815 1509 3291 1592 intrinsecus
3321 1524 3589 1586 tamen
3614 1506 3832 1584 virus

1052 1645 1560 1725 occultabant
1597 1642 2044 1724 admixtum
2064 1697 2094 1742 ‚-
2132 1663 2225 1723 ut
2267 1646 2553 1753 patuit.
2607 1646 2709 1723 Et
2749 1642 2933 1725 ideo
2974 1666 3115 1724 rex
3164 1642 3789 1753 postscouoqnia
3810 1705 3828 1738 ,

1049 1784 1236 1893 quia
1268 1782 1470 1861 male
1499 1783 1808 1862 meritis
1839 1782 2149 1889 placere
2180 1781 2503 1861 nolebat
2521 1844 2543 1880 ,
2573 1799 2655 1862 et
2688 1779 3113 1890 previdens
3136 1807 3523 1892 quorsum
3553 1799 3831 1859 eorum

1046 1920 1375 2027 spiritus
1407 1915 1849 2016 anhelaret,
1881 1935 2266 2030 tanquam
2295 1916 2541 1997 ‘fidem
2581 1918 2958 2027 pollicitis
2989 1918 3289 1999 nullam
3321 1917 3660 2014 habens,
3697 1941 3829 1995 ne-

1045 2073 1179 2163 gat
1219 2053 1521 2166 aliquid
1568 2053 1670 2135 de
1709 2056 1867 2134 hiis
1913 2079 2070 2166 que
2105 2057 2516 2164 pecierant
2538 2083 2620 2135 se
2641 2055 3078 2153 facturum,
3123 2056 3209 2134 in
3245 2051 3614 2134 finalibus
3644 2053 3829 2134 sub-

1039 2193 1382 2302 jungens
1421 2223 1437 2270 :
1477 2227 1514 2267 c<
1550 2193 1722 2302 Jam
1756 2209 2030 2289 antea,
2082 2193 2382 2300 inquit,
2434 2169 2982 2302 efeperiment'o
3023 2189 3537 2301 eognovimus
3577 2218 3825 2299 genus

1045 2364 1086 2402 (ε
1124 2346 1472 2410 vestrum
1524 2327 1861 2410 infidum
1883 2390 1907 2424 ,
1970 2330 2297 2438 ingenio
2357 2323 2650 2409 mobile
2671 2391 2691 2427 ‚
2728 2347 3133 2409 *novarum
3187 2357 3456 2408 rerum
3507 2325 3826 2407 avidum

1045 2502 1081 2539 «
1123 2495 1433 2576 semper
1462 2467 1745 2565 fuisse3
1794 2483 1873 2546 et
1919 2467 2075 2546 nisi
2124 2466 2423 2546 bellum
2464 2493 2651 2573 sepe
2688 2484 3060 2575 parantes
3101 2474 3373 2576 pacem
3421 2484 3559 2545 aut
3610 2468 3825 2572 pacis

1044 2636 1081 2674 «
1121 2600 1389 2681 federa
1428 2604 1851 2710 rogassetis
1875 2665 1893 2700 ,
1943 2601 2044 2682 de
2098 2604 2270 2712 ipsa
2315 2603 2653 2710 transigi
2705 2601 3059 2683 ereditur
3109 2605 3484 2711 potuisse.
3541 2603 3617 2680 N
3617 2631 3775 2682 une
3794 2663 3817 2697 ,

1043 2773 1080 2811 «
1122 2741 1504 2850 quoniam
1544 2738 1789 2818 verba
1836 2767 2038 2820 vana
2093 2737 2376 2818 fraude
2428 2758 2508 2818 et
2550 2741 3236 2819 circumvencione
3287 2738 3522 2847 plena
3573 2735 3676 2817 ad
3739 2735 3823 2816 id

1043 2908 1079 2946 α
1119 2873 1481 2954 locorum
1521 2873 1859 2972 fuerint,
1905 2875 2143 2955 rebus
2185 2859 2675 2958 decrevimus
2710 2875 3090 2956 standum
3129 2904 3317 2956 esse.
3355 2909 3393 2949 π

1152 3011 1351 3109 Qui,
1393 3013 1914 3119 responsione
1952 3012 2225 3092 habita
2246 3075 2265 3111 ‚
2307 3011 2717 3093 fraudatos
2755 3042 2802 3092 a
2842 3011 3239 3093 desiderio
3280 3029 3372 3092 ut
3406 3040 3491 3092 se
3527 2992 3820 3093 intelli-

1041 3163 1243 3252 gunt
1266 3207 1286 3243 ‚
1348 3172 1529 3226 cum
1586 3147 1944 3255 Anglieis
2001 3148 2319 3229 firmato
2379 3148 2649 3230 federe
2666 3208 2687 3247 ‚
2738 3171 2879 3234 eos'
2937 3177 2983 3229 a
3033 3147 3395 3229 Pieardia
3451 3153 3822 3257 protinus

1039 3301 1562 3362 evocaverunt
1584 3345 1603 3381 ‚
1646 3301 2020 3393 rogantes
2051 3304 2160 3389 ‘ut
2211 3285 2314 3365 ad
2364 3285 2905 3367 obsidendum
2943 3287 3379 3394 YprenseS‚
3421 3290 3562 3398 qui
3606 3315 3820 3367 anno

1038 3418 1285 3499 altero
1309 3421 1482 3528 regi
1505 3417 1959 3501 obediendo
1985 3451 2028 3501 a
2054 3416 2436 3503 fidelitate
2458 3452 2738 3503 eorum
2761 3421 3287 3520 desciverant,
3307 3425 3497 3503 totis
3517 3424 3821 3521 viribus

1035 3556 1525 3636 anhelarent.
2654 3542 2665 3547 ’
2894 3646 2899 3651 ,
3776 3634 3781 3640 .

1146 3694 1511 3802 Repulsis
1547 3720 1737 3774 vero
1772 3697 2087 3774 nunciis
2107 3754 2126 3792 ‚
2177 3694 2524 3775 secunda
2565 3694 2693 3776 die
2725 3697 3039 3805 augusti
3059 3758 3078 3793 ‚
3125 3722 3265 3776 rex
3315 3695 3418 3776 ad
3457 3715 3819 3776 sanctum

1037 3831 1512 3937 Dyonisium
1539 3854 1762 3910 more
1787 3829 2438 3939 predecessorum
2462 3861 2742 3941 regum
2764 3835 2985 3913 venit
3002 3895 3021 3931 ‚
3053 3832 3629 3913 auriflammam
3659 3858 3822 3913 sus-

1035 3983 1444 4074 cepturus,
1472 3966 1590 4045 vel
1609 4028 1628 4063 ‚
1657 3983 1750 4045 ut
1781 3966 2119 4047 lucidius
2147 3969 2456 4080 loquar,
2486 3970 2858 4049 vexillum
2894 3971 3103 4050 beati
3134 3970 3502 4078 Dyonisii
3520 4032 3540 4069 ,
3574 3968 3822 4050 Fran-

1036 4103 1154 4180 eie
1184 4102 1602 4210 peculiaris
1641 4107 1990 4211 patroni.
2037 4104 2282 4207 Quod
2325 4124 2591 4188 tamen
2613 4171 2632 4206 ,
2672 4110 3013 4216 peractis
3041 4106 3416 4201 misteriis
3456 4105 3823 4188 modoet

1033 4237 1302 4318 forma
1324 4234 1513 4319 alias
1537 4238 1974 4351 prelibatiS,
2001 4271 2241 4350 penes
2272 4272 2356 4323 se
2384 4238 2740 4342 retinuit,
2768 4242 3023 4324 donec
3053 4239 3248 4325 illud
3274 4243 3607 4357 domino
3627 4242 3821 4325 Gui-

1036 4372 1272 4473 doni,
1315 4373 1531 4457 dicto
1566 4375 1665 4457 de
1710 4377 1785 4457 la
1824 4370 2261 4461 Tr‘irnoulle
2282 4444 2300 4481 ,
2337 4381 2674 4461 obtentu
2705 4379 3015 4463 domini
3058 4378 3282 4462 ducis
3316 4378 3775 4491 Burgundie
3797 4444 3816 4479 ,

1033 4511 1371 4594 tradidit
1404 4513 1919 4596 deferendum
1942 4580 1962 4617 ,
1993 4517 2317 4600 tandem
2348 4538 2614 4627 tamen
2648 4521 2977 4600 minime
3010 4518 3595 4633 deplicandum.
3639 4520 3820 4598 Press

1031 4652 1291 4732 missis
1314 4681 1656 4764 namque
1678 4653 2184 4765 quibusdam,
2210 4660 2352 4769 qui
2379 4676 2674 4739 statum
2701 4658 3054 4739 hostium
3074 4658 3611 4767 explorarent,
3637 4684 3818 4736 cum

1033 4787 1381 4896 legiones
1432 4818 1684 4902 usque
1728 4793 2234 4874 Attrebatum
2289 4793 2919 4894 transduxisset‚.
2939 4814 3019 4876 et
3073 4795 3189 4875 ibi
3232 4820 3505 4874 earum
3554 4820 3819 4872 reeen—
