4666 6014
808 3499 849 3528 ⁴».

1120 690 1149 758 1
1166 687 1260 758 30
1593 675 2273 752 CHRONICORUM
2325 672 2678 748 KAROLI
2729 676 3011 751 SEXTI
3060 680 3238 752 ΠΒ.
3290 682 3417 754 ΠΙ.

1116 827 1334 910 tedio
1357 828 1629 907 talium
1652 827 2150 934 legacionum
2181 820 2446 904 affecti
2467 887 2485 923 ,
2520 822 2751 906 velud
2781 827 3118 908 scintilla
3134 827 3639 938 displicencie
3667 830 3752 908 in
3779 832 3889 909 in-

1111 964 1480 1046 cendium
1517 962 2124 1070 inextinguibile
2160 965 2565 1060 crevisset,
2593 965 2840 1042 animi
2865 966 3388 1071 pertinaciam
3412 967 3841 1046 retinentes
3861 1027 3881 1064 ,

1113 1103 1486 1211 deinceps
1519 1096 2067 1181 subsidiorum
2106 1119 2614 1209 pmmntores
2651 1098 2923 1182 hostes
2964 1100 3416 1211 reipublice
3445 1101 3886 1182 decernunt

1112 1236 1625 1349 reputandos.
1677 1238 2012 1335 Iterum,
2063 1255 2156 1316 ut
2201 1236 2648 1341 libertatem
2692 1237 2887 1317 velle
2935 1240 3141 1317 tueri
3185 1238 3490 1318 viribus
3528 1236 3890 1318 videren-

1113 1392 1270 1471 tur,
1323 1375 1695 1483 protinus
1736 1402 1956 1452 arma
2005 1376 2481 1485 exquirunt,
2532 1374 2773 1453 urbes
2824 1375 3122 1484 portis,
3171 1373 3524 1454 cathenis
3565 1401 3885 1485 quoque

1108 1510 1385 1591 ferreis
1416 1508 1862 1591 munientes
1883 1572 1904 1608 ‚
1932 1507 2307 1608 decanos,
2335 1511 3063 1621 quinquagenarios
3087 1528 3168 1590 et
3199 1511 3749 1618 sexagenarios
3768 1511 3888 1589 in-

1014 1672 1032 1681 ·
1109 1647 1482 1744 stituunt,
1518 1664 1599 1725 et
1627 1649 1770 1758 qui
1808 1649 2094 1728 armati
2120 1647 2420 1757 jugiter
2457 1674 2818 1755 egressus
2841 1664 2926 1726 et
2951 1646 3332 1727 introitus
3355 1645 3680 1725 urbium
3707 1675 3882 1729 cus-

1110 1780 1490 1862 todirent.

1216 2160 1480 2260 Quam
1513 2162 2036 2242 temeritatem
2066 2163 2338 2241 civitas
2378 2162 2838 2241 Parisiensis
2871 2161 3296 2240 inchoavit.
3341 2160 3878 2238 Famosiorem

1102 2296 1497 2375 civitatem
1531 2300 1756 2404 regni
1801 2316 2189 2409 sequntur
2230 2315 2528 2395 cetere3
2577 2315 2662 2377 et
2701 2296 2895 2377 dum
2940 2296 3244 2376 civibus
3286 2297 3373 2375 in
3406 2298 3877 2374 immensum

1100 2433 1379 2511 crescit
1421 2435 1925 2543 presumpcio
1946 2495 1966 2532 ,
2008 2453 2088 2514 et
2126 2432 2536 2515 vanissimi
2577 2434 2941 2514 homines
2973 2451 3297 2541 sperant
3337 2434 3588 2512 eciam
3624 2432 3877 2511 invito

1098 2596 1281 2675 rege
1336 2596 1567 2676 posse
1624 2574 2004 2681 consequi
2056 2570 2509 2651 libertatem
2537 2633 2556 2671 ‚
2622 2572 3302 2681 Rothomagenses
3358 2565 3726 2649 incidunt
3792 2569 3878 2646 in

1097 2703 1717 2811 intemperancie
1776 2707 2125 2807 facinus3
2202 2706 2425 2819 quod
2494 2710 2852 2820 quamvis
2918 2704 3434 2815 tragedorum
3502 2682 3877 2785 boatibus

1092 2856 1294 2921 esset
1330 2843 1611 2948 pocius
1640 2841 2098 2924 deflendum
2130 2872 2377 2955 quam
2406 2842 2996 2924 contexendum
3022 2844 3306 2923 litteris
3330 2902 3350 2940 ,
3389 2842 3580 2953 quia
3609 2859 3875 2919 tamen

1092 3002 1259 3055 non
1313 2995 1432 3056 est
1484 2979 2239 3087 pretermittendum
2288 2981 2691 3061 historicis
2740 2978 2968 3093 quod
3021 2981 3202 3091 quis
3254 2976 3542 3058 debeat
3583 2977 3834 3058 vitare
3853 3037 3873 3072 ,

1093 3113 1227 3193 hic
1257 3114 1604 3195 inserere
1638 3115 1975 3226 dignum
2003 3115 2224 3199 duxi.

1200 3243 1540 3331 Ducenti
1566 3231 1909 3366 namque
1931 3272 2011 3334 et
2034 3283 2129 3334 eo
2149 3257 2490 3365 amplius
2511 3253 3107 3334 insolentissimi
3124 3253 3303 3346 viri,
3328 3252 3519 3330 vino
3535 3249 3872 3329 forsitan

1000 3425 1008 3430 ·
1088 3381 1533 3486 temulenti,
1569 3406 1648 3468 et
1689 3391 1829 3501 qui
1878 3389 2219 3499 publicis
2262 3391 2610 3470 officinis
2648 3389 3128 3470 mechanicis
3167 3383 3706 3468 inserviebant
3751 3413 3874 3463 ar-

1085 3523 1333 3620 tibus²
1362 3524 1789 3635 quemdam
1819 3526 2295 3635 burgensem
2321 3526 2761 3636 simplicem
2781 3588 2802 3624 ,
2832 3523 3307 3633 locupletem
3346 3539 3614 3602 tamen
3637 3582 3657 3619 ‚
3688 3548 3871 3599 ven-

1088 3656 1433 3737 ditorcm
1495 3688 2001 3768 pannorum,
2066 3663 2176 3744 ob
2227 3661 2802 3774 pinguedinem
2873 3664 3205 3742 nimiam
3248 3661 3626 3750 Crassum
3687 3655 3869 3737 ideo

1004 3827 1009 3836 ¹
1085 3813 1491 3894 vocatum,
1531 3800 2073 3906 angarienoes,
2108 3817 2205 3906 ιιι
2237 3802 2414 3912 ejus
2445 3802 2915 3902 auctoritate
2942 3814 3357 3880 uterentur
3388 3799 3478 3878 in
3505 3789 3866 3901 agendis,

1086 3958 1367 4012 eorum
1400 3959 1626 4014 more
1654 3938 1803 4048 qui
1828 3935 2079 4018 andum
2107 3941 2688 4048 precipitantet
2720 3937 3316 4047 amplectuntur
3343 3961 3489 4012 nec
3519 3930 3869 4010 meciun-

1016 4084 1231 4186 &W
1267 4087 1622 4169 ewulm,
1685 4077 1952 4182 regem
2002 4101 2245 4185 super
2292 4103 2392 4156 se
2431 4077 2618 4158 ilico
2670 4089 3142 4155 statuerunt.
3203 4071 3441 4150 Hunc
3492 4068 3590 4146 in-
3633 4063 3819 4146 sede
3842 4127 3860 4163 ,

1085 4227 1321 4284 more
1358 4185 1671 4315 regiO‚
1617 4210 1643 4253 ¹
1688 4205 1705 4222 “
1732 4231 2154 4342 preparata
2206 4221 2446 4323 super
2497 4239 2820 4294 currum
2871 4209 3326 4290 levaverunt
3345 4229 3666 4316 f·que1n
3705 4227 3864 4312 per

1084 4337 1273 4421 ville
1305 4346 1651 4453 compita
1681 4345 2240 4458 perd'ubenteS,
2285 4371 2367 4433 et
2403 4350 2671 4431 laudes
2713 4349 2967 4457 regias
3004 4344 3645 4448 barbarizanteffi
3681 4367 3859 4418 cum

1085 4475 1195 4556 ad
1243 4481 1705 4591 principale
1744 4485 2014 4565 forum
2064 4513 2330 4569 rerum
2394 4487 2787 4602 venalium
2837 4485 3065 4565 urbis
3120 4477 3705 4593 pervenissem,
3771 4491 3860 4553 ut

1088 4614 1311 4723 plebs
1361 4639 1720 4738 maneret
1765 4619 2017 4702 libera
2042 4601 2203 4705 ’ὼ
2206 4625 2430 4706 omni
2471 4595 3027 4726 subsidiorum
3075 4622 3271 4732 jugo
3324 4611 3730 4728 postulant
3757 4628 3857 4690 ‘et

1162 4845 1399 4901 ¹.Var·
1426 4865 1488 4901 ιι
1513 4843 1994 4923 5960‚s01.4ov.‚
2030 4857 2200 4928 regis.
