4666 6014
1061 698 1206 769 45⁰
1520 691 2205 767 CHRONIGORUM
2256 692 2613 767 KAROLI
2664 693 2951 766 SEXTI
2998 693 3177 765 LIB.
3230 689 3392 766 VII.

1061 870 1399 922 vennem
1437 860 1518 922 et
1553 869 1700 922 nec
1740 843 2122 942 nubilem,
2166 841 2500 923 domino
2530 844 2906 942 Johanni‚
2948 843 3114 922 filio
3149 840 3373 923 ducis
3410 842 3735 942 Biturie,
3768 848 3851 925 in

1061 957 1243 1058 villa
1261 981 1513 1059 sancti
1530 978 1926 1076 Audoeni,
1958 1009 2212 1088 prope
2238 982 2611 1078 ParisiuS,
2638 981 2809 1089 lege
2833 980 3406 1059 matrimoniali
3429 980 3854 1088 copulavit,

1062 1118 1289 1225 prius
1326 1145 1567 1224 super
1613 1117 1767 1196 hoc
1815 1118 2251 1225 apostolica
2292 1116 2902 1226 dispensacione
2949 1118 3318 1216 obtenta,
3370 1120 3556 1229 quia
3598 1121 3683 1197 in
3731 1148 3854 1197 se-

1066 1252 1332 1334 cundo
1411 1256 2133 1364 consanguinitatis
2192 1254 2449 1365 gradu
2503 1285 2585 1336 se
2633 1275 2913 1335 mutuo
2968 1256 3447 1335 attinebant.
3520 1256 3623 1334 Et
3676 1284 3857 1334 cum

1065 1394 1396 1504 nupcias
1443 1422 1668 1473 more
1723 1396 1942 1503 regio
2002 1398 2478 1505 peregisset,
2523 1394 2866 1475 necdum
2911 1413 3187 1476 exacto
3228 1393 3483 1475 biduo
3510 1458 3531 1494 ,
3585 1392 3688 1474 ad
3733 1424 3857 1474 re-

997 1555 1004 1563 ’
1065 1531 1320 1638 galem
1371 1531 1770 1612 ecelesiam
1824 1536 2078 1612 sancti
2130 1536 2501 1641 Dyonisii
2562 1534 2922 1630 accessit,
2958 1531 3139 1630 ubi,
3190 1534 3402 1614 inter
3441 1534 3861 1614 missarum

1066 1666 1446 1746 solemnia
1467 1727 1485 1764 ,
1520 1668 1929 1748 humiliter
1954 1667 2427 1750 deosculatis
2460 1672 2982 1750 sacrosanctis
3011 1668 3394 1779 reliquiis,
3424 1666 3702 1749 eadem
3730 1666 3860 1748 die

1066 1802 1482 1884 discedens
1527 1823 1605 1884 et
1648 1805 2168 1904 Silvanetum,
2219 1806 2640 1886 Ambianis
2699 1826 3154 1916 ceterasque
3204 1803 3568 1885 Picardie
3616 1806 3861 1886 urbes

1066 1971 1375 2022 moram
1429 1941 1826 2023 trahendo
1883 1946 2377 2052 perlustrans
2398 2009 2415 2040 ‚
2460 1943 2784 2024 tandem
2833 1941 3048 2053 apud
3092 1945 3596 2024 Attrebatum
3640 1949 3859 2026 venit

1069 2081 1276 2160 circa
1316 2079 1671 2159 medium
1712 2082 2213 2189 septembris,
2259 2083 2521 2181 Quem
2568 2084 2944 2189 protinus
2982 2078 3363 2160 adeuntes
3409 2083 3549 2192 qui
3591 2110 3859 2162 recen-

1069 2234 1343 2296 serant
1400 2245 1818 2296 numerum
1879 2235 2458 2327 pugnatorum,
2525 2218 2969 2297 retulerunt
3020 2246 3116 2297 ex
3171 2221 3545 2298 universo
3596 2238 3859 2300 tractu

1069 2355 1296 2463 regni
1350 2372 1535 2435 octo
1590 2355 1808 2435 milia
1860 2355 2203 2434 militum
2244 2372 2324 2434 et
2368 2354 2934 2435 scutiferorum
2971 2356 3492 2435 loricatorum
3547 2355 3650 2437 ad
3704 2386 3857 2436 un-

1068 2522 1302 2601 guem
1355 2490 1714 2603 parendo
1764 2495 1926 2573 suis
1972 2490 2370 2572 mandatis
2415 2495 2917 2591 convenisse,
2961 2522 3163 2607 quos
3207 2494 3801 2574 balistariorum
3835 2559 3852 2589 ,

1069 2632 1622 2738 gregariorum
1665 2657 1986 2740 quoque
2005 2691 2024 2728 ,
2080 2631 2605 2709 ser-viencium
2625 2693 2643 2729 ,
2694 2631 2883 2712 levis
2932 2649 3335 2711 armature
3374 2631 3856 2742 sequebatur

1067 2771 1187 2847 vis
1245 2770 1632 2848 immensa
1655 2828 1676 2863 ,
1745 2784 1825 2846 et
1891 2764 2116 2877 quod
2181 2794 2460 2847 omnes
2522 2795 2835 2848 summo
2908 2766 3305 2849 desiderio
3367 2767 3857 2848 affectabant

1071 2905 1620 2984 transfretare.

1180 3043 1356 3121 Jam
1389 3044 1711 3152 jamque
1760 3045 2024 3124 classis
2074 3065 2664 3154 nongentarum
2720 3065 2798 3125 et
2850 3075 2945 3126 eo
2998 3047 3336 3157 amplius
3390 3049 3713 3127 navium
3754 3046 3857 3124 ad

1073 3196 1401 3288 portum
1435 3180 2054 3269 famosissimum
2087 3182 2428 3282 Escluse,
2466 3186 2603 3296 qui
2641 3187 2723 3263 in
2768 3212 3044 3265 omnes
3073 3204 3328 3265 terras
3367 3185 3536 3265 vela
3564 3188 3855 3279 mittit,

1070 3314 1462 3397 subducta
1518 3319 1811 3416 fuerat,
1878 3322 2090 3399 inter
2141 3350 2339 3431 quas
2408 3321 2748 3428 plurime
2807 3322 3046 3429 longe
3100 3340 3479 3420 rostrate‚
3518 3324 3857 3430 geminis
3942 3345 3945 3347 ’

1069 3452 1260 3532 velis
1308 3455 1696 3534 instructe
1724 3518 1742 3550 ,
1797 3455 2113 3568 hiisque
2160 3459 2503 3568 majores
2547 3457 2648 3537 ad
2695 3456 3288 3567 deportandum
3325 3486 3572 3571 equos
3607 3457 3860 3566 depu-

1068 3607 1265 3689 tate,
1334 3594 1536 3671 ostia
1610 3591 1994 3672 habentes
2037 3594 2121 3673 in
2149 3568 2582 3703 'puppibus
2633 3593 2733 3674 ad
2790 3594 3334 3677 inducendum
3380 3624 3555 3694 eOS,
3611 3596 3857 3675 habe-

1071 3728 1393 3808 bantur.
1445 3731 1753 3809 Harum
1804 3732 2147 3810 maxime
2195 3733 2613 3811 dromones
2662 3731 3161 3831 dicebantur,
3204 3762 3357 3842 pro
3408 3732 3859 3814 deferendis

1071 3866 1270 3943 varii
1346 3867 1656 3973 generis
1733 3865 2167 3966 alimentis,
2239 3869 2630 3947 machinis
2711 3897 3032 3980 quoque
3094 3870 3394 3949 bellicis
3463 3869 3856 3951 ordinate.

1073 4003 1391 4102 Quibus
1444 4006 1824 4085 omnibus
1873 4005 2312 4085 secundum
2361 4035 2888 4114 personarum
2922 4026 3219 4088 statum
3258 4028 3338 4090 et
3372 4012 3859 4119 exigenciam

1071 4136 1567 4239 distributis,
1613 4144 1985 4252 quisque,
2026 4156 2271 4250 prout
2314 4142 2618 4223 avidius
2665 4143 2773 4223 ad
2815 4149 3309 4226 strenuitatis
3358 4148 3673 4227 titulum
3728 4178 3860 4226 ac-

970 4300 978 4308 ·
1073 4274 1557 4386 quirendum
1583 4279 2032 4378 anhelabat,
2076 4282 2189 4360 sic
2212 4281 2680 4389 vigilancius
2710 4284 3129 4363 insistebat
3159 4302 3250 4364 ut
3273 4287 3859 4364 instruerentur

1072 4415 1316 4492 cicius
1345 4476 1364 4512 ‚
1387 4433 1481 4519 §et
1513 4417 1974 4496 necessariis
2004 4420 2539 4497 munirentur.

1176 4551 1287 4629 -Et
1344 4579 1527 4631 cum
1575 4552 1950 4634 omnibus
2002 4573 2407 4636 constaret
2457 4557 2678 4670 quod
2739 4588 2943 4668 opus
2990 4557 3277 4667 grandi
3327 4559 3493 4638 alea
3535 4560 3857 4666 plenum

1074 4687 1698 4796 agredjebantur
1752 4692 2080 4792 Gallici,
2128 4696 2415 4803 prelati
2459 4696 2560 4777 de
2591 4698 2997 4781 communi
3035 4715 3484 4777 statuerunt
3523 4696 3861 4777 consilio

1071 4844 1165 4915 ut
1207 4828 1518 4938 ubique,
1549 4830 1956 4938 regnicole
1991 4830 2689 4938 predicacioni-bus
2725 4854 3247 4915 monerentur
3290 4854 3557 4915 errata
3601 4838 3877 4929 θον-τίω,
