4666 6014
1075 679 1219 749 212
1547 665 2232 743 CHRONICORUM
2282 663 2640 739 mom
2690 667 2975 748 sEx‘n
3024 669 3197 742 Lm.
3256 668 3382 780 211·

1074 823 1362 934 majori
1403 822 1633 928 copia
1665 815 2041 898 dominus
2075 815 2118 893 J
2122 816 2482 898 ohannes
2512 815 2611 898 de
2642 821 2958 899 Artesio
2972 879 2997 915 ,
3030 849 3292 901 comes
3321 821 3528 928 Augi
3549 881 3567 917 ,
3601 837 3869 900 extre-

1077 991 1289 1041 mam
1330 962 1576 1039 aciem
1615 952 2138 1035 conducebat.
2183 956 2356 1035 Rex
2389 974 2689 1056 autem,
2733 955 2899 1037 dux
2942 956 3403 1066 Burgundie
3446 983 3871 1068 comesque

1079 1095 1178 1180 de
1205 1095 1555 1195 valesio,
1609 1112 1943 1205 patruus
1982 1111 2062 1173 et
2109 1094 2358 1173 frater
2409 1095 2618 1204 eju3,
2675 1121 2857 1175 cum
2907 1095 3176 1175 multis
3215 1097 3541 1175 emerite
3583 1095 3871 1174 milicie

1076 1238 1306 1335 viris,
1336 1253 1416 1315 et
1445 1235 1585 1345 qui
1609 1262 1655 1312 a
1679 1234 2083 1341 generosis
2109 1233 2431 1340 proavis
2457 1230 2749 1310 claram
2776 1231 3206 1313 trahebant
3238 1233 3630 1341 originem
3653 1294 3672 1329 ,
3716 1260 3877 1312 me-

1079 1374 1296 1455 diam
1328 1376 1578 1452 aciem
1611 1370 2035 1450 faciebant.

1194 1512 1325 1591 Sic
1368 1509 1684 1590 aciebus
1715 1509 2127 1588 instructis
2148 1569 2167 1606 ,
2205 1535 2399 1586 voce
2430 1509 2809 1616 preconia
2850 1508 3226 1588 omnibus
3261 1507 3735 1617 generaliter
3770 1508 3874 1587 ab

1081 1647 1506 1734 ordinibus
1540 1643 1928 1725 discessus
1953 1642 2489 1741 interdicitur,
2522 1641 2886 1723 adhibita
2921 1673 3128 1755 pena
3165 1642 3414 1757 quod,
3456 1647 3523 1724 si
3559 1627 3870 1757 aliqui&

1082 1788 1626 1897 cujuscunque
1690 1779 2191 1862 condicionis
2255 1779 2526 1861 officio
2592 1780 3064 1890 fungeretur
3129 1800 3267 1862 aut
3337 1784 3876 1894 cujuscunque

1083 1924 1497 2034 dignitatis
1525 1921 1849 2031 cingulo
1875 1921 2360 2032 premineret
2383 1981 2404 2017 ,
2432 1919 2709 1999 furtim
2743 1937 2823 2000 et
2853 1921 3370 2001 illicenciatus
3405 1948 3567 2000 sea
3594 1922 3871 2001 castris

1083 2062 1587 2144 subtraheret
1609 2123 1629 2160 ,
1692 2078 2086 2171 tanquam·
2127 2056 2533 2138 homicida
2585 2063 2969 2168 perpetue
3039 2060 3487 2170 subjaceret
3550 2058 3873 2138 infamie

1082 2221 1162 2282 et
1206 2203 1573 2282 ultimum
1620 2217 1976 2310 preterea
2028 2195 2506 2306 supplicium
2559 2214 2979 2306 cogeretur
3025 2195 3317 2278 subire.
3369 2185 3575 2307 Equi
3621 2197 3874 2276 eciam

1084 2373 1127 2422 e
1161 2359 1597 2452 conspectu
1634 2340 2180 2451 pugilatorum
2206 2342 2232 2384 ¹
2289 2338 2621 2418 abducti
2676 2356 2865 2418 sunt
2887 2401 2906 2439 ,
2956 2356 3083 2439 ut,
3141 2337 3326 2446 fuge
3380 2365 3558 2447 spes
3602 2354 3875 2446 erepta

1083 2482 1186 2561 ad
1219 2479 1636 2561 vitandum
1670 2477 2171 2577 discrimina,
2202 2477 2726 2556 animosiores
2759 2494 3043 2557 essent.
3079 2476 3312 2555 Solus
3345 2505 3487 2555 rex
3517 2492 3878 2587 equester

1086 2621 1418 2718 mansit,
1470 2637 1550 2698 et
1609 2619 1793 2729 equi
1851 2617 2097 2727 ipsius
2160 2615 2482 2695 frenum
2526 2613 2838 2695 domini
2882 2612 3269 2694 Radulfus
3327 2612 3427 2692 de
3490 2611 3874 2711 Reneval,

1087 2757 1355 2836 Blesus
1407 2754 1513 2835 de
1552 2753 1957 2854 Violanis,
2025 2751 2397 2832 dominus
2453 2750 2551 2832 de
2603 2752 3025 2851 Pomeriis,
3082 2753 3514 2831 vicecomes
3566 2748 3874 2856 d’Arsy,

1088 2894 1364 2975 Guido
1403 2889 1662 2975 dictus
1697 2896 1769 2974 le
1801 2895 2132 2973 Baveux
2158 2911 2238 2974 et
2275 2879 2820 3002 Ingerrannus
2853 2889 2952 2970 de
2983 2888 3305 2970 Heudin
3327 2952 3345 2988 ‚
3392 2889 3681 2968 milites
3713 2889 3875 2966 vir-

1089 3054 1258 3115 tute
1287 3035 1567 3115 bellica
1604 3032 2158 3114 memorabiles
2183 3096 2202 3132 ,
2250 3034 2658 3142 regebant.
3161 3142 3165 3147 ι

1204 3175 1370 3253 Hec
1417 3175 1683 3253 omnia
1729 3201 1873 3282 per
1925 3171 2296 3252 ordinem
2330 3173 2683 3282 Philippi
2718 3176 3061 3253 nuncius
3118 3174 3414 3284 raptim
3461 3195 3879 3249 accurrens

1089 3342 1269 3393 cum
1316 3310 1572 3391 eidem
1623 3312 2103 3407 intimasset,
2145 3326 2443 3388 secrete
2480 3311 2725 3389 eciam
2774 3339 3111 3391 monens
3151 3328 3243 3389 ut
3295 3307 3485 3388 inde
3529 3307 3877 3415 fiigeret,

1085 3470 1286 3532 tunc
1313 3450 1692 3531 admirari
1723 3452 1968 3558 cepit3
2004 3447 2364 3554 deposita
2394 3451 3033 3557 presumpcionis
3061 3449 3407 3546 sarcina,
3448 3463 3530 3529 et
3565 3471 3882 3552 parum-

1061 3614 1230 3699 ·per
1287 3615 1645 3696 gressum
1698 3585 1983 3693 figens,
2037 3585 2457 3663 contabuit
2508 3612 2647 3663 cor
2695 3584 2865 3693 ejus
2920 3614 3065 3694 pre
3112 3584 3424 3663 timoris
3473 3579 3837 3689 angustia
3861 3641 3879 3673 ,

1086 3754 1420 3837 seraque
1439 3725 1891 3835 penitencia
1915 3718 2232 3820 ductuS,
2267 3723 2567 3814 nuncio
2598 3722 2989 3802 submissa
3020 3749 3211 3800 voce
3236 3718 3508 3798 intulit
3545 3747 3562 3796 ε
3598 3751 3636 3791 <1
3664 3715 3883 3799 Tris-

1083 3888 1128 3939 ·«
1163 3865 1263 3944 tis
1305 3864 1580 3944 nuncii
1624 3862 1937 3972 bajulus
1969 3889 2090 3962 eS,
2142 3889 2322 3941 cum
2358 3877 2482 3939 tot
2517 3861 2872 3939 Francos
2916 3860 3196 3938 asseris
3227 3884 3391 3937 esse
3435 3884 3614 3934 cum
3656 3881 3878 3961 rege,

1092 4037 1130 4076 <c
1164 3998 1387 4114 quod
1447 4029 1615 4079 non
1664 3999 2083 4108 sperabam
2137 3996 2561 4077 affluxisse.
2612 4030 2650 4071 »
2701 3996 2830 4075 Sic
2881 3995 3251 4103 improba
3303 4021 3441 4103 spe
3490 3990 3842 4102 dejectus
3862 4054 3880 4085 ‚

1090 4138 1557 4247 ambiguum
1597 4137 1753 4217 sibi
1794 4137 1952 4217 fuit
2001 4134 2198 4249 quid
2235 4134 2549 4215 consilii
2591 4149 2944 4241 caperet3
2984 4130 3122 4212 sed
3178 4159 3366 4209 mox
3421 4128 3522 4209 ad
3574 4125 3882 4209 'fraudis

1093 4296 1625 4359 commentum
1680 4306 1762 4358 se
1811 4294 2282 4357 convertens
2341 4293 2421 4353 et
2467 4275 2965 4359 occasionem
3011 4299 3327 4351 sumens
3380 4263 3880 4361 discedendi,

1090 4417 1396 4496 cunctis
1435 4416 1986 4495 assistentibus
2025 4444 2040 4493 ε
2088 4447 2126 4486 κ
2174 4412 2473 4508 Grave,
2518 4410 2821 4519 inquit,
2864 4406 3162 4488 bellum
3200 4403 3420 4518 quod
3474 4406 3881 4512 hucusque

1061 4584 1130 4628 -«
1164 4554 1728 4664 appetivimus,
1761 4551 2274 4659 suscipimus3
2316 4544 2539 4659 quod
2589 4575 2737 4625 nos
2778 4562 3162 4656 opportet
3207 4569 3478 4652 gerere
3520 4534 3884 4619 conside-.-

1092 4728 1129 4767 «
1165 4693 1422 4771 racius
1451 4691 1689 4773 solito
1713 4719 1731 4788 ;
1763 4707 1843 4770 et
1868 4686 2051 4768 ideo
2084 4685 2188 4767 ad
2214 4686 2370 4767 hoc
2397 4686 2732 4768 feliciter
2763 4679 3475 4767 consummendum
3500 4740 3518 4776 ,
3546 4674 3880 4783 dignum

1163 4876 1180 4900 ⁸
1224 4871 1366 4926 Var.
1394 4894 1408 4922 .·
1446 4880 1510 4924 n⁶
1537 4866 1713 4944 5960,
1740 4865 1838 4924 fol.
1872 4867 1940 4936 48
1963 4886 2038 4939 v.,
2062 4876 2471 4942 pugnatorum.
