4666 6014
1021 691 1163 764 398
1494 681 2178 764 CHRONICORUM
2229 686 2585 764 KAROLI
2635 687 2919 764 SEXTI
2969 693 3147 766 Lm.
3202 693 3326 768 VI.

1018 859 1098 919 et
1132 839 1544 950 profugus,
1578 843 1838 949 ipsum
1864 837 2029 919 vidi
2060 839 2253 920 hinc
2294 838 2484 921 inde
2511 841 2842 922 latibula
2867 862 3347 949 permutare,
3372 843 3810 954 nedispen-

1017 975 1241 1056 dium
1273 980 1468 1074 vite,
1498 977 1712 1058 velut
1740 1007 1837 1058 ex
1870 977 2348 1087 prodicione
2380 981 2797 1064 commissa
2816 1042 2834 1078 ‚
2866 997 3296 1089 pateretur.

1937 1229 2601 1342 G'APITULUM
2662 1263 2865 1341 ΧΠ.

1490 1471 1798 1552 Quomodo
1825 1493 1977 1553 papa
2011 1472 2282 1534 Clemens
2312 1474 2588 1556 gravabat
2617 1441 2940 1535 Ecclesiam
2972 1474 3334 1556 gallicanam.

1123 1683 1334 1760 Dum
1354 1676 1925 1760 contendentes
1951 1676 2051 1759 de
2075 1697 2375 1788 papatu
2397 1678 2922 1789 non-puderet
2934 1681 3390 1780 Ecclesiam,
3423 1710 3797 1789 sponsam

1008 1819 1356 1916 Christi,
1391 1815 1698 1897 tamdiu
1737 1817 1888 1897 sub
1933 1817 2313 1926 pestifero
2359 1819 2721 1899 scismate
2763 1818 3161 1917 ancillari,
3192 1847 3403 1927 papa
3432 1819 3795 1902 Clemens

1006 1982 1248 2063 pecus
1281 1951 1778 2033 dominicum
1797 1952 2263 2033 obediencie
2292 1982 2432 2034 sue
2463 1952 2663 2035 dure
2692 1972 3076 2053 tractans„
3106 1972 3197 2035 ut
3226 1983 3408 2035 cum
3434 1957 3598 2036 suis
3626 1987 3792 2037 car-

1008 2093 1408 2174 dinalibus
1450 2094 1784 2202 triginta
1824 2121 1960 2172 sex
2008 2091 2127 2172 vel
2166 2121 2262 2173 eo
2304 2093 2516 2172 circa
2551 2121 2805 2205 usque
2850 2091 2953 2173 ad
2984 2092 3401 2174 fastidium
3437 2095 3787 2203 oppibus
3876 2175 3889 2186 ,

1006 2228 1422 2331 ditaretur,
1456 2228 1654 2310 illud
1681 2230 2134 2311 adinventis
2162 2232 2514 2312 serviciis
2546 2250 2625 2311 et
2654 2229 2998 2312 insolitis
3034 2232 3586 2312 exactionibus
3618 2262 3789 2341 gra-

1000 2373 1202 2449 viter
1242 2370 1774 2478 opprimebat.
1811 2369 1977 2449 Nec
2026 2388 2450 2450 contentus
2485 2369 2893 2482 hucusque
2936 2397 3082 2478 per
3118 2370 3607 2449 novennium
3649 2369 3787 2450 de-

1002 2511 1244 2588 cimas
1273 2506 1783 2590 ecclesiarum
1812 2508 2214 2615 collegisse
2234 2569 2253 2607 ,
2285 2506 2425 2588 sed
2456 2506 2854 2588 deteriora
2890 2508 3387 2616 excogitanS,
3417 2507 3789 2587 abbatem

1001 2645 1272 2724 Sancti
1302 2645 1621 2754 Nycasii
1650 2646 2059 2725 Remensis
2084 2709 2104 2743 ‚
2137 2646 2401 2726 virum
2436 2646 2713 2756 utique
2745 2646 3252 2753 ingeniosum
3288 2661 3369 2724 et
3397 2663 3784 2741 astutum,

1000 2786 1086 2862 in
1112 2782 1532 2861 Franciam
1551 2780 1981 2862 destinavit
1999 2845 2019 2880 ‚
2051 2785 2192 2893 qui
2225 2812 2270 2863 a
2293 2784 2486 2863 viris
2511 2782 3051 2863 ecclesiasticis
3071 2843 3089 2879 ,
3125 2780 3227 2860 ad
3251 2780 3598 2860 valorem
3630 2809 3788 2861 res-

1003 2918 1317 2999 dimum
1332 2937 1411 2998 et
1419 2935 1952 3028 proventuum
1971 2918 2548 2999 beneficiorum
2559 2918 2681 2999 vel
2695 2920 3285 2999 estimacionem
3295 2917 3780 3015 facultatum,

1000 3056 1151 3136 sub
1207 3055 1441 3135 titulo
1492 3057 1764 3163 inopie
1793 3055 2100 3165 papalis
2156 3085 2465 3137 camere
2507 3057 2930 3165 peccunias
2951 3056 2955 3060 ’
2976 3073 3510 3166 extorqueret.
3573 3060 3780 3136 Auc-

999 3195 1409 3272 toritatem
1438 3191 1786 3273 habebat
1826 3191 2201 3302 privandi
2229 3222 2273 3272 a
2307 3193 2716 3301 beneficiis
2744 3194 2811 3273 si
2845 3195 2986 3304 qui
3017 3211 3182 3272 tam
3210 3220 3637 3273 onerosum
3662 3194 3784 3303 ju-

1000 3358 1183 3438 gum
1225 3330 1496 3409 subire
1545 3347 2025 3409 recusarent.
2075 3325 2269 3407 Ideo
2317 3329 2637 3408 nemine
2668 3326 3267 3409 contradicente
3286 3390 3304 3427 ,
3338 3357 3484 3437 per
3523 3330 3778 3408 Brita—
3886 3379 3888 3381 >

998 3469 1215 3545 niam
1284 3482 1364 3546 et
1412 3448 1936 3545 Normaniam
1992 3493 2344 3576 nequam
2405 3463 2801 3546 indictum
2862 3494 3235 3547 exercens
3260 3526 3279 3564 ,
3345 3493 3527 3545 cum
3571 3464 3780 3545 ultra

996 3600 1383 3711 progredi
1409 3601 1641 3682 vellet
1658 3663 1677 3701 ‚
1709 3601 1911 3683 alma
1946 3602 2413 3682 Parisiensis
2441 3604 2936 3684 Universitas
2975 3631 3163 3683 mox
3207 3630 3472 3711 regem
3502 3601 3779 3683 adiens

996 3740 1471 3850 supplicavit
1535 3759 1628 3820 ut
1659 3756 1940 3821 contra
1971 3757 2287 3820 tantum
2330 3768 2738 3823 excessum
2778 3739 3238 3851 provideret
3284 3738 3383 3820 de
3423 3739 3776 3821 remedio

998 3880 1536 3987 competenti·

1110 4016 1290 4095 Pias
1328 4044 1555 4097 aures
1595 4045 1737 4097 rex
1782 4015 2386 4098 accommodare
2437 4019 2809 4127 precibus
2861 4016 3196 4126 dignum
3247 4015 3517 4115 duxit,
3549 4036 3629 4096 et
3671 4036 3784 4096 at-

994 4150 1333 4234 tendens
1371 4183 1455 4234 se
1474 4155 1779 4264 jurasse
1802 4219 1822 4253 ‚
1853 4184 2034 4235 cum
2059 4153 2347 4237 infulas
2377 4158 2635 4267 regias
2662 4158 2746 4237 in
2788 4183 2928 4270 sua
2968 4155 3500 4235 coronacione
3526 4157 3783 4235 susci-

995 4311 1254 4405 peret,
1298 4291 1521 4406 quod
1562 4294 1774 4377 viros
1819 4292 2383 4375 ecclesiasticos
2436 4295 2587 4375 sub
2636 4323 2720 4375 se
2759 4296 3057 4383 sineret
3104 4320 3426 4372 manere
3482 4295 3568 4372 in
3611 4292 3785 4401 pul-

995 4429 1394 4515 critudine
1441 4431 1658 4539 pacis
1702 4418 1782 4510 et
1839 4434 2115 4542 requie
2139 4530 2148 4537 .
2171 4420 2733 4542 temporalium
2794 4432 3205 4539 opulenta,
3251 4448 3781 4511 memoratum

993 4567 1367 4653 abbatem
1386 4569 1848 4666 accersiens,
1875 4566 1975 4649 de
2003 4587 2476 4681 attemptato
2500 4570 2923 4652 temerario
2955 4598 3152 4651 ausu
3177 4568 3498 4678 public'e
3526 4570 3779 4649 incre-

952 4754 962 4763 ·
993 4710 1250 4814 pavit,
1279 4707 1731 4816 precipiens
1761 4724 1854 4786 ut
1884 4705 1987 4787 de
2019 4735 2272 4817 regno
2314 4708 2527 4789 infra
2554 4706 2915 4790 triduum
2956 4704 3360 4789 recederet
3376 4766 3395 4804 ,
3423 4708 3495 4786 si
3523 4705 3777 4786 offen-

985 4841 1181 4922 dere
1215 4841 1707 4928 formidabat
1749 4847 2049 4952 regiam
2089 4848 2603 4956 majestatem.
2640 4845 2765 4928 Ad
2790 4847 3496 4928 'conservacionem
3529 4845 3772 4924 eciam
