4666 6014
1119 663 1260 733 478
1608 609 2292 730 cm'zomcoRuM
2343 651 2699 726 KARou
2748 651 3035 726 sssxrr
3082 643 3260 727 Lm.
3310 642 3440 727 111.

1116 806 1437 917 vigebat
1457 866 1477 904 ,
1534 803 1999 913 virebatque
2063 803 2396 910 integris
2446 802 2835 883 sensibus,
2889 804 2992 882 Et
3029 801 3212 882 ideo
3271 803 3574 884 bonam
3626 807 3918 889 virium

1065 1021 1078 1026 -
1120 972 1444 1023 suarum
1487 940 2265 1019 consummacionem
2304 940 2390 1017 in
2422 941 2798 1048 proximo
2831 936 3103 1040 adesse
3134 940 3632 1041 existimans,
3674 943 3868 1025 illud
3900 1010 3918 1044 ,

1121 1095 1492 1188 percepta
1532 1077 1758 1185 prius
1803 1073 2281 1155 eucharistia
2303 1136 2323 1171 ,
2366 1071 2872 1154 devotissime
2909 1078 3278 1185 suscepit.
3321 1077 3424 1155 Et
3476 1079 3626 1176 sic,
3680 1109 3920 1191 repo·-

1122 1216 1294 1312 sitis
1350 1212 1873 1321 sacrosanctis
1931 1209 2288 1318 reliquiis
2342 1229 2420 1289 et
2467 1211 2799 1291 servicio
2858 1230 3183 1324 peracto
3213 1274 3231 1311 ,
3289 1241 3429 1291 rex
3486 1213 3584 1293 ad
3640 1245 3919 1297 nemus

1123 1337 1611 1427 Vicenarum
1645 1344 1911 1424 rediit.

1237 1486 1313 1563 N
1318 1502 1380 1563 e·
1421 1502 1689 1566 tamen
1744 1480 2119 1570 recedens
2185 1481 2764 1591 rempublicam
2826 1499 3010 1589 post
3069 1511 3154 1561 se
3214 1484 3487 1565 multis
3563 1489 3920 1569 motibus

1128 1620 1675 1730 perturbatam
1750 1618 2233 1728 relinqueret
2267 1679 2286 1715 ,
2370 1618 2579 1696 circa
2658 1617 2899 1696 finem
2963 1620 3259 1699 mensis
3320 1624 3637 1728 augusti
3699 1626 3919 1703 venit

1129 1758 1515 1853 Parisius;
1574 1756 2131 1865 accersitisque
2189 1754 2683 1862 primoribus
2742 1753 3008 1852 urbiS,
3064 1753 3230 1834 dux
3281 1756 3741 1865 Burgundie
3789 1790 3925 1869 pa-

1135 1912 1358 1973 truus
1401 1893 1570 2003 ejus
1607 1877 2046 1970 luculenter
2086 1892 2456 1998 exposuit
2499 1890 2839 2002 qualiter
2870 1918 3123 1998 nepos
3152 1887 3705 1975 dilectissimus
3739 1925 3926 1976 con-

1131 2049 1253 2108 tra
1304 2030 1670 2109 inimicos
1718 2030 1946 2137 regni
1981 2025 2478 2107 ’intendebat
2519 2026 2952 2136 proficisci,
3000 2055 3338 2109 monens
3384 2057 3519 2109 eos
3562 2060 3663 2111 ne
3701 2031 3923 2128 dein-

1133 2195 1315 2274 ceps
1358 2166 1732 2244 intestine
1779 2165 2319 2244 controversie
2359 2164 2801 2278 orirentur,
2841 2176 2921 2240 et
2955 2179 3043 2241 ut
3087 2164 3449 2282 civilibus
3499 2164 3924 2248 discordiis

1132 2301 1627 2381 abstinerent
1651 2362 1669 2398 ,
1732 2329 1884 2409 que
1934 2300 2307 2408 pestifere
2364 2326 2675 2408 semper
2723 2327 2822 2410 vac
2865 2301 3118 2408 magis
3155 2302 3181 2343 ¹
3223 2302 3566 2383 urbibus
3611 2303 3923 2384 funeste

1127 2458 1319 2518 sunt
1341 2499 1362 2536 ,
1424 2437 1751 2517 fuerunt
1823 2455 1903 2516 et
1969 2436 2580 2548 quampluribus
2652 2435 2974 2544 populis
3037 2439 3290 2544 magis
3352 2439 3608 2518 exicio
3683 2467 3924 2549 quam

1132 2574 1334 2653 bella
1365 2592 1691 2653 externa
1715 2635 1733 2671 ,
1761 2601 2004 2679 quam
2032 2572 2278 2652 fames
2309 2573 2695 2651 morbive.
2730 2570 3070 2654 Addidit
3104 2590 3193 2653 ut
3226 2575 3926 2682 negociacionibus

1133 2711 1460 2788 assuetis
1490 2726 1570 2786 et
1599 2707 1771 2786 aliis
1801 2691 2775 2788 mechanicarum‘arcium
2804 2707 3091 2787 officiis
3119 2727 3481 2788 vacantes
3501 2771 3519 2806 ,
3546 2728 3925 2821 tanquam

1135 2845 1335 2923 boni
1386 2841 1725 2939 subditi,
1789 2841 2250 2921 fidelitatem
2291 2871 2481 2950 erga
2522 2871 2789 2949 regem
2828 2861 2908 2922 et
2953 2871 3224 2949 pacem
3271 2861 3628 2955 mutuam
3674 2844 3925 2925 indis-

1135 2979 1580 3061 solubiliter
1634 2979 2149 3060 observarent
2176 3042 2194 3077 ,
2251 2996 2345 3058 ut
2400 2980 2512 3058 sic
2566 2980 2842 3058 ceteris
2903 2979 3356 3059 civitatibus
3419 2979 3787 3063 cedentes
3843 2985 3923 3062 in

1133 3117 1616 3225 exemplum,
1654 3118 2129 3224 propensius
2171 3116 2382 3223 regis
2424 3117 2773 3222 graciam
2807 3118 3188 3226 consequi
3228 3122 3744 3198 mererentur.

2126 3378 2712 3459 CAPITULUM
2773 3382 2919 3458 ΧῙ.

2046 3613 2273 3696 Anglici
2301 3615 2680 3675 vincuntur'a
2708 3615 3036 3676 Nol-manis.

1255 3821 1473 3898 Inter
1536 3820 1868 3896 Francie
1914 3834 1993 3895 et
2056 3818 2344 3926 Anglie
2411 3847 2656 3927 regna
2708 3817 2974 3898 federe
3031 3819 3410 3900 induciali
3461 3839 3774 3919 exactO,
3824 3821 3925 3900 ad

1142 3953 1362 4065 quod
1388 3951 1979 4034 resarciendum
2010 3954 2383 4034 obstabat
2410 3954 2931 4063 Anglicorum
2956 3954 3358 4043 obstinata
3382 3959 3888 4066 presumpcio
3905 4020 3923 4054 ,

1138 4110 1217 4170 et
1264 4091 1694 4202 utrobique
1751 4092 1934 4201 jura
1990 4089 2380 4171 servando
2439 4116 2942 4198 guerrarum,
3007 4120 3237 4173 causa
3284 4091 3480 4170 lucri
3504 4154 3524 4189 ,
3584 4094 3921 4200 piratica

1144 4245 1642 4306 exerceretur
1695 4227 2067 4307 licencius
2093 4289 2111 4326 ,
2168 4226 2322 4321 hoc
2369 4227 2611 4306 unico
2658 4244 2924 4305 tamen
2971 4243 3149 4304 actu
3185 4226 3253 4304 N
3264 4229 3579 4306 ormani
3627 4257 3925 4308 annum

1144 4382 1594 4473 presentem
1634 4361 2159 4445 reddiderunt
2192 4365 2612 4471 insignem.
2650 4361 2978 4441 Moleste
3016 4391 3358 4473 namque
3386 4363 3728 4444 ferentes
3764 4368 3926 4445 An-

1144 4502 1389 4609 glicos
1430 4501 1726 4593 ,littora
1771 4530 1910 4579 sua
1962 4500 2270 4580 marina
2315 4498 2677 4605 repetitis
2732 4476 3038 4578 vicibus
3101 4498 3348 4578 libere
3401 4502 3877 4610 inquietasse
3903 4561 3923 4594 ,

1133 4635 1650 4746 ‚dampnaque
1683 4663 1835 4743 pro
1876 4633 2247 4740 dampnis
2286 4650 2662 4741 optarent
2698 4634 3136 4743 rependere
3159 4697 3177 4733 ,
3222 4654 3580 4744 tempore
3610 4637 3924 4741 naviga-

1223 4827 1244 4847 ¹·
1286 4820 1422 4878 Var.
1457 4842 1468 4867 .·
1513 4828 1579 4870 n·
1600 4814 1768 4890 5960,
1799 4814 1890 4871 fol.
1924 4812 1990 4882 45
2018 4834 2090 4885 r.,
2120 4824 2174 4870 et
2200 4819 2424 4890 magnis
2446 4816 2709 4873 urbibus..
