4666 6014
1137 707 1300 779 698,
1599 691 2285 771 CHRONICORUM
2336 690 2695 767 KAROLI
2743 686 3030 764 SEXTI
3078 687 3256 761 LIB.
3310 686 3446 760 XI.

2121 891 2782 1028 GAP1TU'LUM
2844 943 2946 1022 x,

1711 1161 1801 1222 De
1832 1161 2118 1222 violencia
2148 1173 2456 1251 ventorum
2492 1158 2750 1242 generali
2786 1178 2887 1240 per
2916 1169 3101 1216 totum
3132 1155 3352 1215 orbem.

1259 1371 1513 1451 Nocte
1564 1368 1866 1449 Natalis
1913 1369 2244 1448 Domini
2301 1396 2347 1445 a
2403 1364 2711 1445 cunctis
2770 1360 3312 1458 cardinalibus
3344 1337 3614 1440 'ventis
3654 1360 3928 1468 fragor

1144 1510 1565 1591 vehemens
1590 1507 2043 1603 suscitatuS,
2087 1521 2437 1618 quantus
2477 1502 2889 1614 qualisque
2922 1500 3310 1579 memoria
3330 1496 3573 1577 seculi
3607 1525 3932 1607 presen-

1147 1646 1251 1725 tis
1285 1644 1708 1725 hominum
1739 1642 1929 1746 alias
1964 1670 2132 1722 non
2180 1641 2582 1722 recolebat
2608 1636 3028 1746 accidisse,
3057 1636 3329 1716 multis
3368 1652 3761 1714 terrorem
3799 1636 3925 1716 in-

1151 1781 1396 1862 cussit
1427 1777 1935 1860 credentibus
1963 1776 2183 1890 quod
2213 1755 2396 1859 Filii
2424 1778 2778 1860 hominis
2803 1749 3281 1858 novissimus
3307 1771 3693 1855 adventus
3719 1774 3930 1854 foret

1152 1918 1522 2016 vicinior,
1572 1915 1692 1996 vel
1735 1913 1958 2027 quod
2017 1915 2412 1995 mundiali
2464 1915 2834 1996 machine
2881 1912 3402 2023 precipicium
3452 1912 3930 1991 immineret.

1154 2055 1390 2133 Hunc
1451 2035 1807 2134 afflatum
1862 2054 2356 2133 contrarium
2422 2049 2683 2131 dicam
2732 2049 3179 2161 generalem
3199 2111 3219 2148 ,
3277 2077 3461 2129 cum
3527 2076 3778 2160 usque
3835 2048 3941 2128 ad

1158 2189 1380 2270 orbis
1434 2189 1901 2269 umbilicum
1968 2206 2321 2269 sanctam
2369 2188 2655 2269 urbem
2691 2185 3178 2266 Jherusalem
3198 2247 3219 2285 ,
3280 2213 3523 2297 quam
3574 2183 3938 2265 Christus

1154 2327 1720 2407 miraculorum
1780 2325 2287 2407 exhibicione
2337 2323 2695 2406 reddidit
2751 2325 3199 2434 specialiter
3259 2324 3660 2432 insignem
3678 2385 3699 2423 ,
3754 2351 3937 2430 pro·

1159 2465 1483 2544 cesserit
1500 2524 1519 2562 ,
1559 2480 1653 2543 ut
1694 2480 2087 2544 testantur
2122 2463 2411 2543 milites
2441 2480 2522 2543 et
2551 2463 2929 2569 armigeri
2962 2462 3313 2569 insignes
3351 2478 3434 2540 et
3464 2488 3565 2540 ex
3605 2488 3940 2568 genero-

1162 2602 1269 2682 sis
1308 2603 1627 2712 proavis
1667 2599 2043 2682 ducentes
2083 2601 2476 2708 originem
2501 2660 2520 2698 ,
2564 2600 2705 2709 qui
2744 2596 3055 2678 ibidem
3086 2597 3554 2678 matutinale
3586 2597 3942 2715 officium

1157 2737 1660 2820 devotissime
1683 2723 2220 2819 celebrabant.
2244 2736 2756 2817 Activitatem
2785 2752 3049 2816 autem
3073 2733 3601 2843 dampnosam
3618 2754 3699 2815 et
3726 2737 3942 2815 inso-

1158 2875 1382 2954 litam
1447 2872 1905 2954 describens
1958 2873 2198 2980 hujus
2243 2869 2633 2951 horrendi
2681 2871 3060 2970 turbinis,
3120 2869 3409 2954 addam
3471 2871 3692 2983 quod
3759 2892 3944 2955 octo

1160 3011 1473 3092 dierum
1512 3014 1817 3120 spacio,
1868 3010 2175 3091 vicibus
2204 3028 2471 3091 tamen
2515 3009 3081 3119 interpollatis,
3123 3009 3506 3129 durante,
3548 3013 3945 3126 plerisque

1166 3148 1631 3229 nemoribus
1665 3166 1746 3227 et
1771 3148 2134 3255 virgultis
2166 3149 2666 3257 proceriores
2700 3147 3026 3229 arbores
3059 3150 3344 3229 avulsit
3382 3150 3791 3252 radicitus,
3820 3153 3941 3233 vel

1165 3316 1437 3367 earum
1479 3314 1743 3366 ramos
1792 3287 2226 3395 grossiores
2256 3282 2684 3367 distractos
2719 3304 2798 3367 et
2838 3286 3289 3367 confractos
3330 3287 3489 3369 huc
3538 3289 3722 3369 illuc
3769 3292 3938 3370 vio-

1163 3424 1597 3537 lentissime
1646 3421 2046 3532 dispersit.
2109 3424 2207 3507 In
2246 3423 2657 3504 nonnullis
2702 3423 3046 3504 ecclesiis
3096 3440 3301 3503 tecta
3337 3443 3418 3505 et
3473 3425 3943 3536 campanilia
4004 3472 4013 3478 -

1167 3558 1608 3669 dampnose
1663 3557 1951 3660 diruit,
1995 3559 2168 3640 solo
2218 3562 2536 3670 equavit
2584 3560 3169 3671 quamplurima
3225 3559 3627 3643 domicilia
3675 3592 3946 3672 sump-

1167 3716 1395 3779 tuosa
1427 3698 1547 3779 vel
1586 3696 2131 3807 discooperuit
2170 3700 2257 3777 in
2300 3716 2566 3806 parte,
2612 3700 3098 3810 caminisque
3132 3699 3551 3781 ruentibus
3593 3718 3673 3782 et
3718 3701 3945 3783 fasti·

1169 3838 1319 3942 giis
1351 3833 1816 3937 domorum,
1858 3834 2159 3941 plures,
2195 3833 2392 3914 dum
2419 3837 2505 3913 in
2531 3826 2752 3915 lectis
2796 3837 3326 3946 quiescerent,
3370 3839 3624 3944 proeh
3666 3836 3941 3919 dolor!

1169 3975 1531 4079 oppressi
1567 3988 1776 4051 sunt.
3378 3996 3383 4002 ·

1287 4104 1528 4206 Quod
1565 4106 1991 4187 discrimen
2032 4125 2112 4188 et
2138 4111 2206 4188 si
2237 4111 2659 4190 invaluerit
2688 4111 2773 4189 in
2806 4137 3094 4218 regn0,
3130 4109 3212 4190 id
3247 4127 3511 4191 tamen
3551 4113 3948 4195 vallidiori

1173 4243 1519 4353 impulsu
1572 4244 1800 4352 plage
1847 4246 2245 4326 maritime
2302 4264 2889 4356 persenserunt.
2947 4245 3114 4326 Sub
3159 4245 3432 4329 eadem
3488 4266 3952 4360 tempestate

1156 4381 1464 4461 fretum
1511 4380 2039 4462 anfractuosis
2081 4385 2452 4492 procellis
2507 4386 3070 4483 intumescenS,
3122 4386 3394 4467 multis
3450 4388 3647 4469 locis
3697 4393 3953 4498 pisces

1175 4518 1467 4601 diversi
1512 4522 1822 4628 generis
1868 4549 2236 4604 evomens
2289 4526 2572 4634 procul
2611 4524 2714 4606 ad
2744 4524 3002 4606 solum
3034 4525 3289 4634 ejecit.
3332 4524 3563 4609 Unde
3605 4547 3950 4638 agrestes

1171 4656 1434 4737 accole
1483 4673 1565 4736 et
1613 4658 2010 4737 maritima
2047 4660 2604 4746 collimitantes
2649 4663 2822 4743 loca
2866 4664 3344 4745 remociores
3389 4666 3644 4747 multo
3690 4686 3955 4774 partes

1171 4810 1440 4901 petere
1488 4795 1742 4876 coacti
1792 4813 2019 4892 sunt,
2073 4798 2371 4881 relictis
2424 4801 2778 4910 propriis
2826 4799 3251 4885 domiciliis
3298 4804 3408 4884 ob
3456 4803 3797 4887 fetorem
3852 4832 3952 4885 ex
