4666 6014
1133 649 1275 719 620
1584 642 2292 716 ,CHRONICORUM
2343 641 2697 714 KAROLl
2748 640 3031 716 SEXTI
3083 639 3258 713 LIB.
3314 636 3416 710 X.

1131 823 1353 874 reum
1386 810 1728 904 quatuor
1761 793 2049 872 lairceis
2078 793 2486 901 alligatum
2519 791 3025 892 deferebant3
3061 789 3283 901 quod
3310 789 3631 900 quidem
3678 793 3911 898 super

1132 948 1371 1037 caput
1403 931 1705 1038 regium
1741 929 2165 1027 elevanteS‚
2220 931 2484 1037 ipsum
2535 957 2803 1037 regem
2856 957 3128 1038 gressu
3168 928 3615 1034 composito
3666 954 3910 1037 usque

1128 1065 1229 1146 ad
1275 1066 1943 1177 archiepiscopale
1988 1067 2383 1174 palacium
2424 1065 2997 1174 perduxerunt.

1241 1201 1463 1303 Quid
1495 1203 1781 1314 plura?
1810 1205 1919 1282 Ut
1949 1203 2094 1283 hec
2141 1204 2445 1283 insueta
2487 1232 2784 1313 pompa
2831 1202 2935 1284 ad
2973 1221 3480 1312 posterorum
3530 1202 3906 1281 noticiam

1130 1336 1536 1420 deveniret
1559 1401 1578 1439 ,
1620 1339 1833 1420 mille
1865 1358 1945 1419 et
1982 1370 2076 1421 eo
2122 1340 2463 1450 amplius
2517 1314 2983 1422 innocentes
3035 1341 3260 1448 pueri
3310 1341 3909 1450 perquiruntur,

1132 1477 1272 1586 qui
1304 1505 1447 1583 per
1478 1480 1825 1586 compita
1858 1480 2200 1558 civitatis
2228 1480 2467 1557 variis
2501 1477 3154 1559 deambulatoriis
3185 1478 3470 1585 ligneis
3501 1475 3905 1573 collocati,

1132 1613 1621 1693 vestimentis
1683 1613 2206 1695 induerentur
2269 1617 2509 1723 ragiis
2533 1676 2552 1712 ‚
2620 1633 2700 1696 et
2758 1617 2927 1723 regi
2985 1615 3579 1722 pertranseunti
3642 1611 3911 1693 laudes

1137 1751 1391 1857 regias
1436 1751 1832 1832 altissonis
1875 1751 2202 1832 vocibus
2262 1751 2776 1862 declararent.
2822 1751 2956 1832 Ob
3014 1753 3222 1860 regis
3280 1749 3706 1831 adventum
3772 1748 3912 1830 diu

1137 1883 1669 1967 desideratum
1721 1891 1924 1968 cives
1975 1892 2061 1967 in
2102 1888 2412 1968 choreis
2451 1905 2530 1968 et
2579 1887 3094 1968 theatralibus
3147 1886 3355 1969 ludis
3398 1883 3909 1996 quatriduum

1139 2043 1612 2134 exegerunt3
1677 2042 1756 2105 et
1814 2054 1994 2106 cum
2054 2053 2319 2134 regem
2373 2025 2784 2106 dotassent
2823 2027 3201 2135 preciosis
3252 2024 3680 2134 jocalibus„
3721 2040 3911 2103 tunc

1137 2160 1439 2242 civibus
1474 2161 1946 2262 valedicens,
1982 2163 2262 2243 urbem
2298 2153 2729 2272 egreditur,
2772 2161 3324 2273 Viennamque
3369 2161 3908 2271 pertransiens

1134 2297 1409 2378 eadem
1448 2298 1661 2407 apud
1702 2300 2009 2410 Rupem
2044 2300 2417 2381 Monachi
2440 2363 2459 2401 ,
2485 2275 3023 2412 Roquemore,
3064 2299 3330 2380 villam
3374 2315 3716 2408 quatuor
3755 2301 3906 2377 mi-

1135 2435 1345 2516 libus
1384 2434 1487 2516 ab
1545 2438 1936 2517 Avinione
1994 2435 2464 2537 distantem,
2524 2438 2952 2547 penultima
3020 2436 3151 2517 die
3209 2438 3502 2520 mensis
3557 2435 3908 2517 oc‘tobris

1135 2577 1519 2681 pervenit.

1261 2711 1617 2794 Audiens
1681 2741 2032 2794 summus
2103 2716 2466 2823 pontifex
2536 2715 2751 2826 quod
2795 2731 3089 2796 ‘tantus
3160 2718 3531 2823 princeps
3599 2730 3680 2794 et
3751 2730 3908 2793 tam

1134 2851 1420 2929 famosi
1478 2868 1558 2930 et
1617 2852 1787 2929 Deo
1840 2850 2197 2931 amabilis
2241 2855 2472 2959 regni
2528 2850 2986 2932 moderator
3047 2850 3151 2931 ad
3198 2879 3380 2931 eum
3424 2848 3910 2930 visitandum

1135 2985 1543 3085 veniebat,
1594 2986 2034 3094 plurimum
2093 2988 2628 3098 exhylaratur‚
2671 3006 2756 3068 et
2806 2987 3355 3071 advenientem
3407 3017 3588 3068 eum
3640 2986 3907 3068 multi-

1134 3124 1322 3231 plici
1362 3122 1753 3232 disposuit
1797 3127 2104 3206 honore
2143 3129 2586 3234 prevenire.
2627 3128 2723 3206 Et
2753 3129 3014 3235 primo
3054 3126 3426 3207 dominos
3468 3126 3907 3209 cardinales

1139 3262 1210 3338 ei
1265 3258 1541 3369 dirigit
1581 3263 1666 3340 in
1717 3287 2130 3342 occursum
2150 3324 2169 3360 ‚
2218 3265 2359 3376 qui
2417 3290 2598 3347 eum
2645 3262 3152 3345 adducerent.
3218 3267 3590 3345 Attamen
3638 3268 3908 3373 pontis

1133 3395 1448 3476 Rodani
1486 3415 1659 3479 arta
1698 3399 1821 3478 via
1853 3415 1931 3478 et
1962 3401 2545 3507 permeancium
2581 3400 3000 3479 hominum
3030 3400 3196 3480 fere
3236 3399 3689 3480 incredibili
3714 3401 3910 3480 mul-

1135 3534 1480 3615 titudine
1517 3534 1950 3644 prepediti,
2001 3533 2102 3615 de
2149 3535 2349 3615 Mala
2391 3536 2621 3617 Petra
2675 3555 2756 3616 et
2806 3535 2905 3617 de
2954 3535 3322 3617 Salusciis
3372 3534 3909 3617 cardinalibus

1134 3672 1466 3771 relictis,
1523 3673 1663 3783 qui
1705 3672 1859 3752 hoc
1916 3672 2359 3755 honorifice
2412 3674 2903 3782 complerent
2925 3736 2945 3774 ,
2999 3674 3415 3755 confestim
3477 3672 3579 3754 ad
3628 3675 3909 3784 papale

1048 3856 1057 3860 -
1133 3810 1522 3917 palacium
1560 3827 2051 3889 remearunt·
2073 3809 2271 3890 Inde
2308 3810 2911 3893 occurrentibus
2943 3813 3016 3892 ei
3041 3813 3348 3920 magnis
3389 3814 3593 3892 sacri
3626 3812 3906 3919 palacii

1133 3944 1536 4027 officiariis
1569 3975 1753 4027 cum
1791 3948 2141 4027 maximo
2183 3948 2596 4028 curialium
2635 3976 3009 4048 numero,
3044 3978 3220 4030 cum
3254 3976 3560 4029 summa
3596 3952 3906 4059 magni-

1133 4079 1459 4161 ficencia
1487 4099 1710 4162 extra
1747 4083 2012 4165 villam
2053 4100 2415 4191 receptus
2453 4103 2606 4185 est,
2642 4086 3066 4198 multisque
3106 4104 3269 4166 tam
3307 4112 3632 4168 suorum
3666 4115 3905 4200 quam

1133 4218 1670 4326 palatinorum
1723 4222 2059 4328 stipatus
2119 4220 2541 4303 ordinibus
2566 4285 2586 4322 ,
2647 4250 2897 4336 usque
2949 4221 3052 4303 ad
3107 4252 3419 4305 sacrum
3477 4224 3902 4332 palacium,

1131 4354 1273 4435 ubi
1309 4346 1543 4470 papa*
1574 4385 1755 4436 cum
1809 4355 2156 4439 dominis
2195 4358 2731 4441 cardinalibus
2771 4359 3205 4460 residebat,
3256 4342 3712 4472 perductus,
3753 4362 3902 4441 Re-

1130 4518 1306 4601 gem
1344 4495 1429 4573 in
1462 4496 1938 4577 consistorio
1967 4495 2132 4605 jam
2166 4496 2303 4578 diu
2333 4517 2962 4610 expectaverant.

1243 4630 1446 4711 Cum
1480 4646 1742 4713 autem
1775 4637 2232 4742 apostolicis
2262 4666 2345 4717 se
2375 4637 2931 4745 conspectibus
2962 4616 3401 4739 obtulisset,
3433 4666 3620 4718 mox
3650 4666 3905 4718 assur-

1127 4785 1506 4850 rexerunt
1560 4769 1868 4851 domini
1910 4770 2349 4854 cardinales
2363 4803 2383 4873 ;
2425 4791 2502 4854 et
2545 4801 2722 4853 cum
2764 4774 2972 4885 'papa
3022 4777 3185 4883 regi
3235 4792 3470 4883 atque
3517 4775 3899 4857 militibus
