4666 6014
1092 664 1234 735 154
1560 653 2244 733 CHRONICORUM
2294 652 2652 730 KAROLI
2701 654 2985 731 SEXTI
3035 658 3212 733 ΠΒ.
3266 656 3394 733 Ill.

1084 812 1164 890 vi
1218 806 1678 919 spoliabant
1715 824 1796 885 et
1844 804 2301 886 afficiebant
2345 806 2813 888 verberibus
2830 869 2849 907 ,
2897 824 3006 887 ut·
3023 807 3306 941 jugum
3352 804 3610 888 simile
3654 827 3882 917 pate-

1091 965 1412 1045 rentur3
1461 942 1682 1057 quod
1706 945 1790 1037 ‚si
1832 972 2123 1053 negare
2159 945 2710 1054 contingebat,
2748 946 3077 1027 arbores
3106 944 3526 1055 frugiferas
3568 947 3654 1026 in
3687 947 3880 1026 viri-

1091 1084 1367 1180 dariis,
1405 1086 1492 1162 in
1525 1084 1736 1191 agris
1767 1084 2015 1163 eciam
2048 1082 2286 1163 blada
2313 1086 2338 1129 ¹
2374 1081 2910 1165 succidebant.
2942 1081 3328 1196 Adeoque
3357 1085 3470 1164 sic
3502 1084 3881 1165 infestum

1090 1219 1884 1332 circumadjacentem
1917 1248 2214 1330 pagum
2245 1219 2817 1322 reddiderunt,
2858 1239 3152 1302 ut‘non
3187 1239 3444 1302 cetera
3486 1221 3745 1303 solum
3781 1252 3880 1305 ex

974 1448 987 1455 ,
1089 1362 1300 1469 agris
1322 1422 1340 1459 ,
1389 1357 1551 1459 sed,
1570 1387 1813 1473 pecus
1854 1386 2178 1472 quoque
2226 1388 2466 1440 omne
2507 1362 2593 1440 in
2636 1360 2875 1441 urbes
2914 1377 3267 1440 muratas
3316 1342 3890 1469 compellerent

1091 1495 1310 1596 duci,
1358 1525 1618 1608 neque
1657 1496 2082 1609 quisquam
2127 1514 2351 1578 extra
2385 1514 2660 1608 portas
2689 1496 3020 1578 auderet
3052 1497 3523 1608 propellere.
3565 1498 3886 1583 Intelle-

1091 1632 1376 1714 rabilia
1409 1632 1758 1744 dampna
1799 1635 1884 1714 in
1925 1637 2431 1745 potenciores
2459 1637 2663 1716 cives
2694 1637 3072 1746 precipue
3108 1632 3712 1735 redundabant,
3744 1638 3883 1751 qui

1087 1773 1476 1883 ampliora
1510 1772 1788 1884 predia
1822 1792 1903 1853 et
1934 1773 2339 1854 domicilia
2377 1772 2480 1854 ad
2509 1791 2733 1854 extra
2768 1774 2853 1853 in
2894 1773 3304 1855 suburbiis
3335 1771 3878 1883 possidebant.

1088 1913 1405 2014 Quibus
1444 1913 1727 2017 eciam,
1763 1910 2113 2022 quadam
2150 1930 2424 2010 nocte,
2480 1910 2968 1992 clandestine
3013 1930 3245 2019 porte
3282 1911 3885 1992 habitacionum

1085 2050 1324 2128 variis
1362 2038 1613 2158 si’gnis
1659 2066 1848 2129 sunt
1893 2067 2203 2149 notate3
2256 2046 2480 2161 qnod
2525 2049 2865 2158 amplius
2915 2077 3064 2128 nec
3110 2048 3511 2128 immerito
3557 2050 3886 2149 terruit,

1085 2187 1428 2266 maxime
1467 2208 1652 2266 eum
1697 2188 2170 2295 ignorarent
2213 2187 2283 2265 si
2316 2186 2464 2265 hec
2507 2214 2605 2265 ex
2644 2186 3026 2267 intestina
3051 2183 3455 2267 sedicione
3503 2185 3624 2265 vel
3671 2214 3715 2265 a
3756 2186 3888 2267 fo-

1085 2325 1452 2405 rensibus
1489 2324 2080 2434 pugnatoribus
2123 2322 2705 2433 procedebant,
2753 2341 2847 2404 ut
2889 2322 3202 2429 facilius
3244 2320 3641 2403 discerent
3679 2352 3888 2436 quos

1089 2480 1417 2571 possent
1448 2460 2252 2543 habundancioribus
2291 2461 2805 2541 facultatibus
2843 2460 3208 2570 spoliare.

1201 2598 1588 2679 Videntes
1618 2596 1943 2679 tandem
1978 2597 2203 2710 quod
2240 2596 2344 2678 ad
2387 2584 2778 2705 instancia
2819 2590 3177 2707 dampna
3198 2658 3219 2694 ,
3245 2625 3402 2709 que
3431 2584 3682 2678 eciam
3718 2599 3884 2677 Ro-

1088 2736 1747 2846 thomagensibus
1783 2736 2212 2849 multisque
2252 2737 2591 2817 urbibus
2622 2739 3112 2846 scripserant
3127 2797 3148 2835 ,
3183 2733 3682 2817 remediandi
3719 2764 3890 2818 mo-

1090 2872 1284 2955 dum
1333 2873 1667 2953 minime
1718 2875 2267 2984 reperiebant,
2320 2872 2428 2954 ad
2485 2875 2643 2954 hoc
2698 2873 3018 2983 plebem
3065 2872 3436 2983 precibus
3487 2891 3570 2952 et
3618 2874 3888 2954 verbis

1088 3013 1404 3094 lenibus
1434 3011 1932 3095 induxerunt
1953 3027 2047 3094 ut
2077 3032 2202 3094 tot
2227 3032 2308 3094 et
2340 3031 2558 3094 tante
2588 3015 3059 3094 vexaciones
3089 3011 3675 3093 redimerentur
3711 3040 3893 3121 peo-

1089 3151 1349 3233 cuniis
1368 3213 1387 3250 ,
1423 3168 1516 3231 ut
1545 3153 1658 3230 sic
1688 3179 2013 3233 manere
2041 3152 2400 3232 valerent
2434 3153 2518 3231 in
2551 3149 3154 3262 pulchritudine
3192 3151 3438 3261 pacis:
3473 3151 3585 3229 Ut
3623 3167 3890 3230 autem

1090 3290 1849 3400 circumspectorum
1878 3291 2238 3369 virorum
2270 3290 2612 3370 arbitrio
2656 3316 2780 3369 res
2820 3288 2982 3368 fine
3027 3286 3304 3368 debito
3352 3284 3889 3384 clauderetur,

1090 3427 1298 3507 circa
1338 3424 1582 3506 finem
1621 3427 1810 3505 maii
1844 3407 1987 3506 ren
2019 3424 2438 3507 dominum
2457 3414 2932 3510 Arnaudum
2963 3424 3064 3508 de
3111 3426 3491 3524 Corbeia,
3537 3428 3891 3535 primum

1095 3568 1181 3644 in
1221 3564 1725 3646 Parlamento
1768 3562 2342 3673 presidentem,
2379 3559 2482 3643 ad
2523 3559 2905 3644 Sanctum
2933 3541 3419 3671 Dyonisium
3454 3561 3707 3660 misit,
3751 3560 3890 3671 qui

1097 3729 1281 3781 cum
1307 3697 1640 3781 domino
1674 3699 2043 3816 ‹loha-‚nne
2083 3700 2184 3782 de
2222 3701 2580 3784 Masesiis
2599 3730 2657 3786 a
2689 3700 2997 3782 civibus
3029 3699 3608 3780 parisiensibus
3647 3695 3894 3805 depu-

1097 3856 1267 3919 tato
1284 3900 1305 3936 ,
1347 3856 1629 3918 mutuo
1683 3837 2163 3921 deliberaret
2212 3837 2413 3952 quid
2468 3836 2864 3948 agendum
2882 3899 2903 3937 ,
2957 3865 3227 3917 coram
3281 3837 3570 3915 merito
3625 3836 3890 3916 nomi-

1098 3973 1387 4056 nandis
1450 3977 1829 4085 episcopo
1892 3977 2319 4058 Parisiensi
2343 4039 2362 4076 ,
2416 3977 2708 4059 abbate
2765 3975 3037 4057 Sancti
3089 3974 3498 4082 Dyonisii‚
3557 3970 3896 4052 domino

1096 4115 1140 4193 J
1142 4114 1397 4194 acobo
1449 4115 1772 4213 Divitis,
1820 4113 2171 4196 dominis
2228 4114 2328 4195 de
2383 4114 2778 4195 Conciaco
2829 4115 3326 4221 Ingerranno
3378 4127 3459 4191 et
3503 4111 3741 4190 Petro
3787 4105 3896 4187 de

1097 4250 1532 4332 Villaribus
1552 4313 1573 4350 ,
1615 4255 1755 4364 qui
1800 4271 1996 4333 tunc
2036 4255 2122 4334 in
2165 4254 2569 4367 colloquio
2610 4250 2936 4363 publico
2990 4251 3077 4329 in
3129 4248 3286 4329 alta
3337 4248 3514 4329 aula
3567 4246 3896 4328 ecclesie

1102 4389 1500 4470 celebrato
1540 4389 2078 4500 presiderunt.

1212 4525 1589 4637 Longum
1612 4505 1815 4610 esset
1847 4555 2222 4611 enarrare
2261 4547 2341 4610 et
2377 4523 2893 4638 compendio,
2942 4523 3165 4642 quod
3203 4523 3559 4608 studiose
3598 4549 3850 4636 quero
3872 4582 3890 4616 ,

1103 4651 1598 4750 contrarium
1619 4730 1638 4767 ,
1682 4697 1925 4781 qua-m
1963 4669 2346 4750 luculenti
2384 4695 2755 4770 sermone
2790 4665 3214 4784 verbisque
3244 4663 3559 4746 lenibus
3599 4687 3899 4760 memo<

1174 4884 1190 4906 ³
1227 4875 1370 4931 Var.
1390 4898 1405 4928 τ
1427 4874 1673 4951 n·5960,
1695 4875 1795 4932 fol.
1821 4877 1886 4943 4⁶²
1914 4896 1986 4948 v.,
2017 4876 2177 4936 blada
2206 4887 2352 4935 terre
2389 4879 2673 4935 herencia.
