4666 6014
1802 963 1813 969 .
1992 709 3103 1052 cHRcJNIGORUM

1677 1091 3528 1331 KAROLISEXTI⁸

2031 1526 2392 1612 LIBER
2464 1524 3039 1618 DECIMUS.

2380 1779 2740 1838 Romanorum,
2757 1782 3068 1849 pontificum
3104 1801 3194 1847 ιιι,

2378 1852 2760 1923 Imperatorum
2785 1856 2988 1920 nullus,

1534 1930 1668 1980 Anni
1698 1929 1912 1981 Domini
1940 1946 2279 1983 nccctxxxrx.
2379 1924 2704 1981 Francorum
2731 1949 2791 1994 x,

2378 1996 2675 2064 Anglorum
2699 2021 2802 2057 xm
2816 2039 2833 2066 ,

2378 2071 2568 2129 Sicilie
2603 2095 2658 2130 v.

2125 2576 2793 2659 CAPITULUM
2843 2513 2922 2655 ἰ.

1137 2809 1261 2870 Rex
1291 2811 1338 2870 F
1338 2811 1532 2870 rancie
1560 2809 1918 2868 Ludovicum
1936 2850 1954 2882 ,
1996 2828 2192 2891 regem
2218 2808 2410 2870 Sicilie
2430 2853 2449 2885 ,
2483 2821 2541 2870 et
2566 2810 2850 2871 Kar-olum
2880 2808 3116 2871 fratrem
3145 2810 3269 2888 ejus
3306 2831 3481 2871 novos
3508 2811 3722 2872 milites
3747 2809 3901 2872 fecit.

718 3067 844 3114 Anna
877 3068 1065 3114 nomam
1130 3026 1148 3043 ⁶
1249 3040 1625 3118 Pascium
1667 3055 2024 3145 tempore
2046 3101 2066 3136 ,
2113 3037 2486 3121 dominus
2519 3068 2724 3147 papa
2756 3036 3118 3120 Clemens
3144 3038 3562 3120 dominum
3588 3043 3906 3121 Petrum

730 3157 1071 3192 umam*
1122 3172 1234 3253 ‘de
1284 3173 1600 3283 Tureyo
1622 3235 1643 3272 ‚
1705 3175 2237 3281 presbiterum
2269 3173 2753 3255 cardinalem
2777 3239 2797 3274 ,
2856 3173 2958 3256 ad
2995 3204 3255 3286 regem
3289 3177 3353 3254 F
3358 3179 3619 3256 rancie
3673 3175 3907 3256 desti-

1137 3311 1352 3388 navit
1377 3369 1396 3406 ,
1427 3311 1566 3418 qui
1598 3310 2143 3388 imminentem
2171 3306 2753 3392 desolacionem
2784 3314 3011 3420 regni
3044 3311 3307 3392 Sicilie
3330 3372 3351 3409 ,
3382 3330 3462 3392 et
3491 3311 3901 3423 quomodo

1134 3472 1337 3525 uxor
1395 3442 1801 3555 quondam
1851 3445 2129 3525 Karoli
2191 3442 2292 3526 de
2346 3444 2602 3529 Duras
2658 3451 2737 3528 vi
2793 3478 3198 3529 armorum
3251 3447 3446 3528 illud
3496 3448 3903 3530 nitebatur

1134 3584 1538 3690 acquirere
1559 3641 1580 3677 ,
1630 3582 2061 3661 intimaret.
2147 3583 2320 3661 Hoc
2401 3581 2605 3662 idem
2686 3585 2954 3664 relicte
3017 3582 3240 3665 ducis
3319 3581 3902 3691 Andegavensis

1135 3717 1520 3811 Ludovici
1562 3720 1825 3826 patrui
1868 3721 2078 3826 regis
2128 3721 2380 3799 eciam
2425 3720 2876 3801 intimatum
2931 3738 3089 3818 est3
3133 3747 3325 3829 que,
3376 3717 3683 3825 judicio
3729 3747 3901 3798 om-

1134 3859 1358 3934 nium
1409 3858 2160 3963 circumspectorum
2181 3916 2200 3953 ,
2259 3852 2534 3935 domui
2591 3884 2725 3937 sue
2773 3854 3387 3965 prudentissime
3421 3854 3853 3964 disponens
3877 3916 3901 3952 ‚

1133 4019 1313 4070 cum
1352 3988 1665 4070 duobus
1705 3990 2332 4072 adolescentibus
2382 3992 2598 4090 filiis,
2656 3992 2958 4071 Karolo
3009 3992 3306 4072 scilicet
3372 4021 3463 4072 ac
3517 3993 3904 4101 primoge-

1132 4131 1304 4208 nito
1338 4126 1741 4208 Ludovico
1764 4188 1785 4226 ‚
1827 4129 1966 4237 qui
2005 4155 2141 4207 rex
2188 4126 2488 4227 Sicilie,
2520 4130 2695 4238 jure
2738 4131 3253 4210 successionis
3281 4146 3610 4239 paterne
3633 4190 3653 4225 ,
3686 4126 3897 4208 dice-

1127 4264 1407 4361 batur,
1458 4264 1799 4345 Parisius
1857 4263 2279 4345 residebat.
2339 4266 2514 4345 Hiis
2563 4265 3019 4346 rumoribus
3075 4264 3407 4363 auditis,
3462 4266 3747 4344 timens
3802 4291 3901 4343 ne

1129 4402 1333 4482 filius
1369 4401 1538 4510 ejus
1580 4419 1805 4482 tanto
1841 4430 2088 4510 regno
2119 4420 2439 4511 tamque
2480 4404 2776 4510 insigni
2807 4403 3041 4484 titulo
3074 4406 3523 4513 privaretur
3547 4463 3573 4500 ,
3615 4383 3902 4481 festina

1126 4566 1391 4647 regem
1463 4537 1664 4649 adiit
1731 4539 2140 4619 licenciam
2192 4557 2609 4647 acceptura
2636 4599 2656 4636 ,
2732 4565 2911 4620 eum
2971 4539 3268 4623 obnixe
3325 4539 3757 4648 deprecans
3813 4556 3902 4618 ut

1120 4675 1298 4781 jure
1330 4675 1959 4784 propinquitatis
1995 4676 2571 4781 prenominatis
2596 4676 2952 4784 cognatis
2995 4675 3459 4758 concederet
3486 4675 3902 4757 consilium

1125 4827 1204 4888 et
1244 4812 1642 4917 juvamen.
1713 4809 2310 4890 Racionabilem
2372 4828 2814 4918 requestam
2872 4840 3011 4891 rex
3072 4811 3413 4920 benigne
3450 4814 3774 4909 annuit3
3818 4829 3910 4890 et-
