4666 6014
1075 623 1219 697 246
1544 612 2225 689 cnaomconnM
2272 613 2633 689 maon
2677 616 2961 691 ssx‘rl
3010 620 3187 693 us.
3218 621 3379 724 vm„

1066 770 1196 850 die
1270 769 1531 878 prima
1595 764 1917 860 marcii,
1997 790 2155 872 qua
2221 779 2622 879 transacto
2694 768 2888 845 anni
2961 768 3259 850 circulo
3331 768 3435 849 ad
3507 780 3854 856 enormi-

1060 925 1260 987 tates
1322 919 1715 1014 pretactas
1780 918 2364 1008 processerant,
2422 929 2567 1010 per
2621 902 2837 983 hunc
2877 903 3210 985 modum
3254 908 3852 992 terminandum

1062 1042 1604 1124 decreverunt.
1641 1038 1736 1116 In
1784 1038 2132 1116 tentorio
2171 1067 2515 1150 namque
2564 1039 2807 1149 regali
2861 1058 2938 1120 et
2979 1043 3375 1150 spacios0,
3409 1071 3649 1152 super
3678 1075 3854 1156 gra-

1059 1177 1208 1257 dus
1257 1175 1542 1255 Palacii
1588 1173 1886 1254 elevato
1907 1236 1926 1272 ,
1971 1203 2156 1283 rege
2202 1172 2599 1255 residente
2637 1203 2819 1255 cum
2850 1177 3258 1257 avunculis
3289 1195 3377 1257 et·
3415 1179 3851 1287 insignium

1054 1318 1412 1394 virorum
1480 1310 1995 1409 multitudine
2056 1293 2379 1420 copiosa
2403 1373 2422 1409 ,
2497 1329 2792 1421 quante
2859 1315 3317 1423 capacitatis
3389 1332 3562 1393 erat
3628 1322 3846 1399 curia

1057 1449 1344 1530 domus
1367 1450 1620 1556 regie,
1665 1476 1762 1527 ex
1805 1448 2145 1545 civibus,
2184 1450 2392 1527 sicut
2429 1465 2896 1555 preceptum
2926 1448 3228 1548 fuerat,
3261 1473 3807 1538 convenerunt
3827 1487 3861 1552 ;·

1054 1588 1268 1665 iuter
1313 1613 1516 1696 quos
1559 1586 1954 1692 permixte
2004 1611 2173 1668 non
2217 1580 2648 1664 defuerunt
2694 1582 3067 1666 mulieres
3118 1591 3450 1671 maritos
3503 1595 3849 1675 incarce-
3982 1613 3995 1620 “

1056 1740 1273 1801 ratos
1328 1721 1712 1800 habentes
1731 1782 1751 1817 ,
1798 1722 1881 1798 in
1926 1718 2278 1798 sordidis
2320 1721 2815 1799 vestimentis
2837 1780 2856 1817 ,
2907 1745 3064 1829 que
3108 1725 3194 1802 in
3233 1745 3461 1831 parte
3500 1733 3847 1811 maxima

937 1915 945 1920 -
1056 1858 1412 1936 crinibus
1443 1854 1845 1949 resolutiS,
1895 1855 2142 1933 tensis
2186 1851 2302 1931 ad»
2331 1880 2599 1960 regem
2647 1855 3056 1953 manibus,
3102 1886 3282 1937 cum
3335 1862 3843 1970 ingeminatis

1053 1994 1401 2072 lacrimis
1440 2010 1520 2071 et
1573 1990 1915 2101 querelis
1952 1991 2262 2068 veniam
2312 2006 2879 2098 poposcerunt.
2928 1990 3193 2087 Tunc,
3249 2013 3337 2074 ut
3382 1998 3843 2081 ordinatum

1050 2129 1314 2208 fuerat
1337 2190 1355 2223 ,
1389 2126 1764 2207 dominus
1795 2126 2072 2205 Petrus
2116 2122 2215 2203 de
2265 2123 2541 2204 Ordeo
2575 2124 2849 2204 Monte
2869 2188 2888 2224 ,
2922 2127 3259 2209 Francie
3292 2135 3837 2235 cancellarius,

1053 2265 1345 2343 civium
1388 2263 1934 2374 nequiciarum
1977 2260 2491 2371 antiquarum
2529 2289 2620 2339 ac
2675 2263 3126 2340 recencium
3169 2263 3531 2373 pandens
3575 2270 3841 2378 hysto-

1052 2401 1246 2498 rias,
1314 2417 1408 2480 ut
1474 2428 1659 2507 rege
1728 2397 2095 2478 Johanne
2160 2413 2547 2505 regnante
2619 2424 3012 2476 cameram
3073 2402 3374 2509 regiam
3448 2404 3845 2487 nobilium

1053 2564 1336 2616 cruore
1373 2534 1835 2618 fedaverant
1854 2596 1874 2633 ,
1912 2551 2007 2614 ut
2050 2535 2206 2612 hoc
2250 2560 2467 2612 anno
2503 2530 2796 2613 Judeos
2829 2533 2981 2612 sub
3018 2534 3228 2615 salva
3261 2537 3593 2645 guardia
3632 2545 3839 2651 regis

1051 2672 1425 2781 degentes
1468 2675 1835 2784 nequiter
1870 2670 2474 2767 interfecerant,
2525 2686 2605 2748 et
2653 2667 2928 2750 domui
2961 2672 3178 2778 regie
3218 2673 3689 2755 violenciam
3720 2681 3840 2758 in·

1051 2810 1397 2889 tulerant
1415 2872 1434 2908 ,
1463 2837 1603 2888 ore
1632 2807 1934 2889 diserto
1967 2807 2366 2904 recitavit,
2409 2823 2489 2886 et
2527 2807 2994 2886 temeritatis
3023 2806 3434 2889 audaciam
3465 2839 3838 2918 execran-

1049 2942 1195 3044 do,
1255 2929 1500 3056 penas
1563 2946 1882 3026 meritas
1934 2945 2271 3054 exponit
2294 3006 2312 3042 ,
2367 2960 2692 3052 agravat
2743 2943 3069 3042 scelera,
3127 2962 3207 3025 et
3258 2945 3634 3055 perfidias
3692 2978 3835 3058 pu-

1047 3081 1252 3160 blice
1304 3080 1733 3160 detestatus
1775 3099 1915 3158 est.
1978 3082 2080 3156 Et
2130 3110 2307 3160 cum
2358 3109 2597 3184 super
2647 3080 2805 3158 hiis
2861 3098 2942 3158 et
2999 3080 3391 3162 similibus
3445 3084 3834 3194 longuum

1050 3217 1425 3295 texuisset
1462 3243 1908 3302 sermonem
1931 3275 1949 3311 ,
1980 3231 2059 3292 et
2093 3212 2462 3292 nonnulli
2496 3218 2714 3293 metu
2756 3216 3082 3293 attoniti
3135 3235 3316 3322 post
3371 3235 3505 3297 tot
3546 3221 3832 3302 verbo-

1047 3380 1224 3431 rum
1258 3353 1613 3430 tonitrua
1657 3350 1958 3429 fulmen
1999 3348 2367 3427 ultimum
2415 3352 2498 3428 in
2545 3349 2837 3428 multos
2882 3348 3299 3430 crederent
3329 3373 3789 3434 eructurum
3810 3420 3826 3453 ,

943 3478 964 3495 ⁶
1047 3517 1232 3569 mox
1267 3490 1474 3596 regis
1503 3487 1867 3568 avunculi
1900 3504 1979 3565 et
2009 3486 2179 3594 ejus
2218 3486 2465 3565 frater
2497 3483 2598 3564 ad
2633 3484 2874 3595 pedes
2915 3487 3164 3593 ipsius
3203 3487 3609 3567 humiliter
3640 3520 3832 3599 pro-

1046 3625 1502 3707 cumbentes
1525 3684 1544 3720 ,
1576 3641 1669 3703 ut
1705 3651 1928 3702 casus
1966 3622 2376 3703 criminosi
2415 3640 3069 3705 converterentur
3118 3625 3203 3700 in
3250 3622 3514 3703 civiles
3558 3643 3828 3733 postu-

1044 3761 1213 3840 lant
1244 3778 1324 3840 et
1354 3775 1850 3869 assequatur.
3038 3772 3041 3777 ’

1155 3897 1342 3996 Quo
1376 3912 1729 4002 peracto,
1765 3895 2117 4004 prefatus
2148 3894 2524 3975 dominus
2553 3896 2832 3974 Petrus
2878 3896 3169 3974 iterum
3210 3895 3597 4002 populum
3628 3896 3823 3976 allo-'-

1042 4049 1281 4143 qutus
1316 4060 1332 4108 :
1376 4064 1412 4104 c<
1447 4030 1551 4108 Ut
1588 4058 1895 4129 omneS,
1932 4033 2227 4143 inquit,
2259 4032 2525 4110 sciatis
2556 4031 3041 4139 majestatem
3086 4031 3385 4136 regiam
3431 4058 3823 4142 nusquam

1045 4202 1082 4239 ι(
1123 4166 1319 4245 velle
1370 4165 1591 4245 abuti
1645 4168 2010 4275 potencie
2065 4164 2653 4273 magnitudine,
2712 4164 2850 4245 sed
2898 4164 3318 4243 clemencia
3373 4165 3823 4272 gubernare

1042 4337 1079 4376 (ε
1120 4302 1519 4412 subjectos
1539 4363 1558 4399 ,
1600 4303 1971 4411 precibus
1998 4300 2515 4384 dominorum
2542 4301 2870 4398 dueum,
2900 4329 2987 4381 se
3015 4300 3531 4383 conformans*
3553 4320 3824 4385 aucto-

1042 4475 1079 4513 «
1120 4440 1340 4519 ritati
1397 4437 1698 4535 divine,
1754 4466 1910 4549 que
1964 4467 2273 4547 semper
2327 4438 2538 4519 'citra
2600 4436 3091 4546 condignum
3141 4440 3296 4518 reis
3351 4443 3645 4546 parcit,
3707 4444 3817 4519 sic

1038 4611 1076 4648 «
1117 4572 1407 4655 amodo
1448 4570 1942 4653 multitudini
2005 4574 2273 4654 relicte
2321 4603 2598 4655 omnes
2639 4574 3112 4655 rebelliones
3159 4592 3239 4654 et
3280 4575 3661 4654 forefacta
3703 4604 3818 4653 re·

1037 4746 1073 4782 ‹<
1115 4712 1362 4793 mittit
1405 4725 1903 4825 perpetratas
1923 4768 1943 4805 ,
1993 4736 2155 4819 quo
2196 4709 2298 4790 ad
2354 4726 2693 4790 mortem
2714 4770 2733 4807 ,
2790 4707 3100 4793 detersa
3156 4710 3379 4789 omni
3432 4711 3812 4791 transacti
