4666 6014
1002 698 1011 705 '
1117 693 1263 764 ⁴24
1597 682 2280 757 CHRONICORUM
2329 678 2686 759 KAROLI
2736 686 3019 761 SEXTI
3069 688 3245 761 LIB.
3299 688 3416 788 114

1118 836 1333 916 diem
1372 853 1803 914 castrenses
1826 895 1844 931 ,
1894 833 2389 914 stacionibus
2444 864 2536 915 ac
2593 835 2885 944 vigiliis
2924 836 3109 916 fessi
3131 899 3150 936 ‚
3185 838 3574 946 superatis
3629 851 3898 918 tamen

1117 975 1490 1054 humanis
1532 971 1906 1050 omnibus
1959 971 2222 1071 malis,
2262 1001 2446 1052 cum
2497 974 2787 1053 famem
2838 1002 3083 1053 unam
3130 993 3415 1055 natura
3467 976 3680 1055 vinci
3733 1003 3900 1055 non

1116 1114 1412 1193 sineret
1440 1173 1459 1208 ,
1506 1109 1810 1190 viribus
1838 1108 2360 1209 diffidentes,
2417 1113 2657 1191 missa
2702 1111 3143 1219 legacione,
3199 1112 3589 1221 oppidum
3629 1112 3903 1193 venale

1117 1246 1604 1328 obtulerunt.
1644 1246 1875 1327 Tunc
1909 1249 2119 1326 inter
2150 1249 2491 1359 majores
2533 1267 2731 1328 natu
2761 1251 3177 1360 utriusque
3213 1250 3464 1358 partis
3506 1266 3900 1329 transacta

1118 1415 1241 1465 res
1280 1403 1403 1465 est
1440 1382 1592 1465 sub
1630 1383 1770 1463 tali
1802 1381 2313 1484 condicione,
2364 1360 2585 1495 quod
2616 1413 2895 1465 eorum
2925 1387 3087 1465 vita
3123 1404 3204 1465 et
3242 1384 3526 1466 mobili
3560 1388 3586 1430 ¹
3629 1384 3897 1481 salviS,

1114 1541 1195 1605 et
1214 1519 1742 1635 quadraginta
1762 1521 1976 1599 mille
2004 1518 2281 1628 pondo
2301 1523 2476 1601 auri
2501 1524 2873 1631 receptis,
2910 1520 3307 1635 oppidum
3329 1522 3898 1634 relinquerent.

1114 1654 1269 1739 Sed
1326 1676 1562 1766 pacto
1619 1657 2014 1765 completo
2033 1719 2052 1755 ,
2114 1655 2303 1737 inde
2341 1646 2796 1739 recedentes
2816 1720 2836 1759 ‚
2874 1656 3404 1769 undecunque
3458 1675 3904 1766 potuerunt

1113 1792 1578 1873 coadunatis
1642 1796 1914 1891 sociis,
1978 1822 2277 1902 pagum
2332 1796 2938 1878 Lemovicinum
2995 1793 3498 1893 subintrant,
3572 1796 3659 1874 in
3734 1823 3900 1907 quo

1113 1933 1370 2011 aorius
1403 1931 1638 2010 solito
1680 1932 2095 2029 sevientes,
2136 1931 2439 2039 rapinis
2486 1948 2565 2010 et
2597 1930 2993 2013 incendiis
3020 1959 3344 2012 omnem
3376 1931 3588 2011 circa
3627 1932 3888 2039 regio-

1111 2095 1295 2147 nem
1351 2083 1877 2148 vastaverunt.
1940 2066 2182 2171 Quod
2249 2069 2752 2149 marescallus
2818 2067 3149 2149 audiens
3170 2130 3189 2167 ,
3250 2068 3436 2147 illuc
3495 2094 3681 2147 cum
3740 2070 3901 2147 suis

1109 2205 1418 2312 magnis
1473 2204 1896 2283 itineribus
1962 2202 2426 2311 contendit,
2487 2223 2567 2285 et
2625 2207 3132 2286 circumcirca
3188 2207 3533 2312 patriam
3593 2224 3903 2285 moram

1108 2339 1406 2419 faciens
1445 2370 1590 2449 per
1623 2369 1760 2420 sex
1804 2369 2149 2439 menses,
2184 2343 2426 2423 variis
2474 2340 2799 2451 quidem
2839 2342 3149 2422 casibus
3189 2359 3406 2449 gesta
3446 2356 3636 2423 sunt
3694 2372 3901 2422 non-

1110 2477 1329 2557 nulla
1362 2506 1605 2586 parva
1646 2477 1897 2587 prelia
1920 2538 1943 2577 ‚
1978 2476 2118 2558 sed
2158 2508 2324 2558 uno
2367 2506 2678 2587 semper
2713 2496 3022 2558 eventu.
3058 2479 3266 2559 Nam
3296 2470 3612 2588 semper
3648 2481 3901 2581 victor

1110 2616 1453 2695 existens
1473 2677 1492 2714 ,
1526 2644 1709 2696 cum
1747 2633 2096 2711 castrum
2126 2616 2382 2695 sancti
2411 2612 2733 2693 Andree
2767 2614 2994 2724 juxta
3031 2614 3432 2722 Capellam
3463 2614 3692 2697 Aude
3723 2642 3902 2697 cum

1110 2767 1417 2860 septem
1456 2751 1629 2832 aliis
1667 2751 1977 2869 viribus
2017 2766 2514 2860 occupasset,
2558 2747 2874 2831 rediens
2913 2751 3261 2831 Parisius
3280 2810 3299 2849 ‚
3344 2750 3492 2831 bec
3539 2751 3707 2860 regi
3764 2779 3902 2831 no-

1119 2884 1476 2967 tificavit.
3211 2878 3221 2889 '

2070 3289 2658 3372 GAPITULUM
2705 3291 2918 3374 VIII.

2014 3525 2103 3586 De
2142 3527 2538 3587 anniversario
2570 3527 2720 3609 regis
2764 3525 2996 3586 Karoli.

1224 3731 1427 3827 Rex,
1483 3732 1880 3810 oracionis
1915 3758 2179 3830 causa,
2230 3761 2415 3812 cum
2457 3734 2618 3812 suis
2662 3734 3008 3840 patruis,
3051 3730 3320 3810 multis
3367 3756 3690 3840 quoque
3732 3729 3901 3835 epi-

1111 3865 1408 3975 scopiS,
1459 3863 1864 3950 ecclesiam
1914 3869 2128 3948 beati
2167 3871 2575 3980 Dyonisii,
2613 3866 2744 3948 die
2778 3866 3082 3950 decima
3117 3884 3339 3946 sexta
3389 3862 3900 3973 septembris,

1113 4002 1616 4085 devotissime
1648 4008 1997 4088 visitavit
2021 4070 2039 4107 ,
2076 4009 2351 4122 ibique
2392 4008 2764 4121 exequias
2804 4008 3253 4114 solempnes
3293 4031 3444 4112 pro
3488 4017 3712 4108 patre
3755 4026 3900 4079 suo

1113 4143 1389 4222 statuit
1426 4142 1833 4224 celebrari.

1227 4280 1332 4359 Et
1362 4281 1550 4390 quia
1580 4281 1789 4361 inter
1819 4281 2085 4390 ipsum
2116 4300 2198 4362 et
2226 4310 2493 4391 regem
2525 4281 2816 4391 Anglie
2846 4277 3244 4361 induciale
3280 4272 3510 4358 fedus
3546 4273 3860 4354 finierat
3883 4334 3900 4366 ‚

1111 4418 1404 4496 iterum
1457 4418 2106 4528 archiepiscopus
2162 4419 2834 4525 Rothomagensis
2866 4479 2885 4515 ,
2938 4416 3360 4526 episcopus
3402 4412 3535 4522 Baj
3546 4411 3856 4491 ocensis
3880 4469 3898 4504 ‚

1113 4550 1488 4633 dominus
1513 4551 1939 4644 Arnaudus
1973 4551 2073 4633 de
2098 4554 2439 4635 Corbeia
2457 4617 2476 4654 ,
2507 4555 2819 4663 primus
2844 4529 3256 4662 presidens
3288 4552 3374 4630 in
3400 4547 3898 4628 Parlamento

1112 4690 1374 4797 regio,
1418 4718 1597 4771 cum
1641 4691 1929 4771 comite
1972 4689 2075 4771 de
2113 4691 2407 4771 Bresna
2447 4690 2911 4803 diriguntur
2938 4689 3358 4769 Boloniam
3388 4748 3406 4785 ,
3459 4685 3600 4764 ubi
3649 4709 3900 4794 usque

1186 4904 1201 4926 ¹
1248 4897 1387 4952 Var.
1419 4922 1434 4949 .-
1462 4909 1529 4952 ιι·
1550 4893 1726 4970 5960,
1764 4897 1860 4953 fol.
1893 4902 1960 4965 4ο
1984 4915 2057 4967 ι·.,
2084 4897 2406 4954 mobilibus.
