4666 6014
1109 670 1251 742 208
1588 660 2275 737 CHRONICORUM
2324 662 2682 738 KAROLI
2732 663 3019 738 SEXTI
3068 665 3425 746 LIB..111.

1223 818 1430 895 Ante
1456 812 1852 925 siquidem
1883 814 2349 896 conflictum
2376 843 2590 894 nona
2624 814 2789 913 die,
2822 818 3053 927 copia
3084 813 3698 897 innumerabilis
3736 842 3911 895 cor-

997 1056 1002 1060 ⁸
1107 980 1392 1033 vorum
1453 969 1533 1030 et
1587 970 2079 1033 assuetarum
2142 952 2619 1036 cadaverum
2685 953 2989 1061 pabulo
3038 953 3455 1032 volucrum
3479 1014 3497 1050 ,
3568 950 3907 1032 duarum

1109 1092 1493 1178 horarum
1525 1091 1830 1206 spacio,
1863 1108 2119 1170 castra
2149 1093 2377 1202 quasi
2402 1092 2571 1200 jam
2600 1118 2742 1170 sua
2775 1090 3340 1182 circumvolare
3376 1106 3799 1198 ceperunt,
3830 1106 3912 1168 et

1111 1254 1292 1306 cum
1325 1227 1668 1307 terribili
1707 1230 2240 1308 crocitacione
2284 1256 2451 1308 sese
2482 1246 2761 1307 mutuo
2807 1217 3090 1310 rostris
3131 1229 3572 1336 impetuose
3612 1228 3909 1336 impin-

1112 1352 1319 1472 gere.
1357 1361 1603 1464 Quod
1648 1365 1884 1454 velut·
1916 1362 2187 1444 dirum
2228 1359 2659 1474 augurium
2695 1366 3108 1452 nonnullis
3153 1355 3910 1474 interpretantibus,

1115 1499 1198 1580 id
1254 1531 1423 1581 non
1483 1505 1778 1608 sensiit,
1813 1503 2283 1618 Philippus3
2333 1531 2521 1611 ymo
2574 1505 3161 1612 imperterritus
3202 1502 3401 1582 illud
3455 1520 3772 1582 vertens
3804 1503 3914 1609 in

1113 1640 1445 1750 melius:
1478 1673 1515 1711 <c
1547 1640 1648 1719 Et
1671 1641 1875 1750 jam,
1909 1643 2213 1752 inquit,
2245 1643 2785 1764 prosperiofis
2817 1659 3144 1721 eventus
3173 1642 3639 1749 presagium.
3658 1636 3915 1736 adest,

1123 1811 1160 1850 <c
1195 1776 1570 1856 funerum
1620 1778 1918 1868 scilicet
1961 1777 2483 1860 Gallicorum.
2537 1812 2577 1854 υ
2620 1779 2718 1858 In
2766 1780 3256 1860 sentenciam
3290 1777 3663 1888 fatiloqui
3701 1804 3921 1856 men-

1123 1911 1339 1993 dacis
1377 1916 1948 2016 omnesibant,
1985 1914 2245 1997 eidem
2276 1916 2450 1997 solo
2488 1913 2823 1996 domino
2864 1915 2966 1997 de
2998 1916 3366 1997 Henselle
3402 1916 3702 2025 pluries
3732 1943 3921 1994 con-

1118 2070 1241 2131 tra
1274 2049 1624 2151 dicente,
1664 2055 1806 2165 qui
1842 2053 2009 2162 jam
2056 2054 2499 2162 incipiebat
2533 2057 2920 2162 penitere,
2956 2052 3177 2165 quod
3206 2082 3346 2133 sue
3378 2054 3587 2132 clare
3622 2052 3919 2132 oblitus

1121 2191 1459 2298 originis
1493 2252 1511 2288 ,
1570 2207 1875 2302 setam
1928 2189 2068 2270 diu
2124 2220 2308 2270 cum
2363 2191 2754 2271 effrenata
2805 2209 2886 2271 et
2931 2188 3348 2272 incondita
3408 2188 3921 2270 multitudine

1127 2329 1530 2407 tenuisset.
1580 2321 1816 2406 Unde
1860 2326 2186 2407 tandem
2228 2319 2339 2407 ad'
2378 2301 2836 2412 'extremum
2874 2332 3333 2439 presagiens
3374 2326 3597 2441 quod
3628 2326 3924 2430 *accidit

1120 2483 1201 2546 et
1241 2466 1683 2574 perspicaci
1718 2466 1952 2544 oculo
1984 2465 2255 2546 futura
2291 2469 2784 2576 premecien's
2814 2497 2909 2545 ιτ(
2932 2468 3119 2569 Quo
3153 2469 3594 2576 pergimus,
3625 2467 3923 2577 inquit,

1126 2636 1162 2674 «
1199 2587 1337 2679 aut
1360 2598 1557 2712 quid
1581 2602 1914 2709 agimus,
1942 2603 2215 2699 amici,
2243 2602 2574 2683 Francis
2599 2605 2713 2682 sic
2733 2620 3001 2683 erecto
3029 2604 3451 2714 supercilio
3482 2604 3927 2684 minantes?

1128 2771 1168 2811 c<
1197 2735 1533 2818 Predico
1567 2740 1864 2818 etenim
1894 2735 2417 2849 vobis'quod,
2448 2739 2516 2817 si
2548 2741 2742 2848 ipsis
2775 2740 2962 2820 belli
2997 2743 3313 2850 copiam
3340 2739 3684 2837 faciatiS,
3716 2737 3930 2819 vide-

1132 2912 1169 2951 «
1203 2877 1398 2957 bitis
1457 2893 1850 2987 quantum
1908 2863 2062 2982 ipsi
2095 2876 2335 2969 -inter
2405 2904 2622 2966 arma
2689 2879 2938 2986 geniti
3001 2895 3082 2958 et
3152 2879 3482 2974 nutriti,
3541 2876 3768 2955 humi
3826 2873 3929 2955 ad

1134 3053 1170 3091 «
1207 3015 1571 3124 ymbrem
1600 3032 1679 3094 et
1711 3011 1813 3094 ad
1853 3013 2102 3093 solem
2125 3015 2390 3124 jacere
2421 3015 2674 3114 soliti,
2709 3016 3228 3125 Flammingis
3261 3015 3659 3096 bellorum
3687 3018 3934 3125 impe-

1135 3190 1172 3227 «
1204 3153 1607 3233 ritissimis
1637 3170 1720 3232 et
1759 3131 2125 3232 laborum
2166 3154 2895 3263 impacientissimis
2930 3170 3312 3263 prestent.
3350 3154 3637 3235 Vestre
3672 3171 3933 3233 autem

1136 3327 1173 3367 <c
1206 3291 1547 3373 stulticie
1601 3291 2022 3389 misereor,
2104 3318 2260 3401 que
2319 3291 2586 3371 verbis
2653 3292 3029 3371 inanibus
3102 3293 3216 3372 sic
3272 3291 3734 3403 illaqueatos
3799 3318 3935 3370 vos

1137 3465 1174 3504 «
1206 3429 1457 3509 trahit
1479 3425 1581 3508 ad
1600 3446 1970 3507 mortem.
1994 3412 2286 3507 Moneo
2320 3430 2595 3538 igitur,
2624 3426 2819 3509 dum
2848 3446 3160 3538 tempus
3191 3425 3437 3527 ades‘t,
3455 3446 3547 3507 ut
3574 3425 3938 3534 indemp-

1141 3604 1178 3642 α
1212 3564 1452 3649 nitati
1497 3583 1754 3647 vestre
1794 3564 2284 3675 provideatis
2318 3564 2720 3648 abeundo.
2756 3603 2793 3643 2>
2844 3569 2947 3648 Et
2979 3568 3125 3647 hec
3166 3565 3437 3647 dicens
3458 3628 3478 3665 ,
3526 3583 3606 3645 et
3645 3591 3935 3674 equum

1143 3705 1580 3786 calcaribus
1621 3733 1954 3812 urgenS,
1998 3733 2181 3785 cum
2218 3707 2383 3787 suis
2425 3707 2589 3786 cito
2623 3704 3009 3786 discessit.

1254 3844 1626 3950 Longum
1681 3859 1884 3923 esset
1943 3843 2255 3951 singula
2299 3830 2549 3923 ⁸verba
2602 3845 3018 3955 prosequi3
3081 3841 3220 3923 sed
3277 3842 3782 3951 breviloquio
3837 3839 3941 3917 ad

1145 3978 1832 4078 factumrediens,
1873 3980 2295 4090 Philippus
2335 3981 2668 4060 minime
2706 3981 2972 4061 verbis
3012 3998 3377 4061 movetur
3416 4006 3565 4058 nec
3602 4002 3937 4057 recessu.

1148 4102 1305 4197 Sed
1361 4147 1544 4209 cum
1605 4118 1925 4225 ignoret
1987 4118 2348 4198 mortalis
2411 4117 2840 4198 infirmitas
2906 4115 3106 4229 quid
3161 4118 3318 4197 sibi
3378 4117 3727 4195 crastina
3777 4112 3945 4193 dies

1145 4258 1406 4364 pariat
1429 4319 1448 4352 ,
1494 4255 2088 4366 impellentibus
2128 4258 2290 4337 suis
2337 4255 2558 4359 fatis,
2600 4284 2854 4369 usque
2897 4256 3253 4335 Rosebec
3294 4228 3706 4363 migravit,
3754 4278 3943 4361 pre-

1151 4396 1478 4474 mittens
1520 4394 2080 4507 Jaqueminum
2128 4391 2227 4474 de
2271 4392 2698 4491 GandaVO,
2753 4395 2896 4506 qui
2944 4395 3111 4503 regi
3164 4393 3467 4473 litteras
3507 4391 3933 4472 commina-

1151 4535 1401 4613 torias
1434 4534 1759 4632 tulerat,
1789 4552 1881 4613 ut
1913 4534 2082 4643 ejus
2111 4534 2504 4613 exercitus
2533 4549 2830 4613 statum
2866 4550 2946 4612 et
2982 4534 3438 4642 potenciam
3472 4528 3946 4638 exploraret.

1154 4672 1265 4751 Ut
1304 4669 1388 4750 id
1423 4672 1759 4750 sciretur
1798 4667 1898 4751 de
1941 4672 2170 4779 ipsiS,
2204 4671 2371 4781 jam
2408 4699 2587 4750 cum
2621 4669 2957 4775 domino
2996 4670 3428 4764 Guillelmo
3460 4665 3953 4776 Lingonensi

1160 4808 1587 4892 duodecim
1606 4871 1626 4908 ,
1651 4810 1791 4919 qui
1820 4804 2166 4918 ydyoma
2200 4808 2789 4918 Flammingum
2815 4827 3229 4908 noverant,
3263 4836 3405 4887 rex
3426 4807 3773 4887 miserat.
3792 4802 3956 4903 Qui
