4666 6014
1080 640 1220 711 144
1547 635 2229 712 CHRONICORUM
2280 639 2636 717 KARQLI
2687 641 2974 725 SEXTI
3021 644 3200 723 ΗΒ.
3255 645 3384 725 111.

1030 786 1035 795 ’
1073 789 1352 899 igneus
1373 789 1882 886 choruscans,
1914 788 2018 868 de
2048 808 2285 900 porta
2314 789 2417 870 ad
2447 810 2768 902 portam
2793 822 3034 903 super
3057 797 3332 879 villam
3351 799 3876 883 Parisiensem

1073 923 1520 1006 discurrere
1547 926 1758 1006 visus
1790 926 1947 1007 fuit
1965 991 1983 1026 ‚
2026 929 2331 1041 absque
2367 930 2894 1040 impressione
2922 952 3351 1017 ventorum
3379 935 3502 1016 vel
3534 936 3876 1044 fulguris

1071 1084 1210 1146 aut
1226 1066 1565 1145 tonitrui
1585 1067 1929 1176 fragore,
1946 1086 2310 1177 tempore
2335 1097 2648 1179 semper
2667 1098 2950 1152 sereno
2968 1074 3390 1171 existente3
3416 1103 3573 1187 que
3590 1093 3878 1156 cuncta

1071 1234 1249 1285 cum
1282 1223 1664 1286 consueta
1694 1234 1863 1285 non
1884 1222 2172 1303 essent,
2208 1208 2461 1315 magis
2495 1208 2994 1291 occasionem
3018 1211 3493 1319 prestabant
3522 1211 3874 1293 mirandi

1076 1363 1155 1423 et
1187 1342 1645 1426 dubitandi.

2029 1491 2703 1573 CAPITULUM
2759 1494 2920 1572 ΙΙΙ.

1682 1729 2173 1811 Rothomagenses
2203 1743 2444 1812 propter
2471 1729 2752 1791 demerita
2791 1750 2893 1790 sua
2925 1731 3271 1812 puniuntur.

1195 1939 1392 2049 Jamj
1403 1966 1689 2051 amque
1720 1966 1859 2018 rex
1880 2000 1899 2036 ,
1938 1938 2707 2047 Rothomagensium
2740 1939 3143 2019 lacessitus
3174 1936 3466 2050 injuria
3492 2001 3509 2035 ,
3547 1941 3879 2020 veritus-

1076 2106 1231 2187 que
1280 2106 1425 2175 ne,
1472 2075 1540 2157 si
1592 2076 1799 2156 hanc
1852 2074 2457 2176 dissimulasset,
2509 2096 3048 2157 assuescerent
3099 2077 3546 2187 majoribus
3605 2096 3686 2158 et
3750 2080 3878 2157 in-

1073 2217 1469 2296 centivum
1500 2214 1894 2295 habereut
1923 2215 2265 2325 amplius
2291 2212 2859 2326 delinquendi,
2896 2244 3080 2295 cum
3114 2215 3524 2296 avunculis
3567 2216 3729 2297 suis
3761 2216 3881 2295 in·-

1078 2353 1585 2465 signiumque
1623 2354 1987 2434 virorum
2033 2349 2550 2433 multitudine
2589 2354 2914 2462 co'piosa
2956 2352 3243 2433 urbem
3297 2354 3699 2462 ingressus
3737 2373 3880 2453 est,

1075 2493 1434 2603 quamvis
1494 2475 1924 2601 complices
1973 2508 2625 2600 perpetratorum
2668 2490 3046 2571 scelerum
3102 2491 3585 2600 principales
3633 2493 3883 2572 intro-

1079 2631 1282 2709 itum
1324 2627 1661 2739 dignum
1710 2627 2127 2709 duxissent
2164 2625 2663 2736 negandum,
2705 2630 2862 2710 nisi
2900 2630 3127 2738 prius
3168 2630 3647 2740 impunitate
3687 2657 3880 2739 pro-

1078 2770 1342 2849 missa.
1379 2766 1580 2849 Inde
1618 2794 1759 2845 rex
1792 2766 2133 2875 amplius
2164 2783 2616 2846 commotus
2650 2766 2843 2864 fuit,
2881 2784 2962 2847 et
3003 2796 3100 2847 ex
3133 2769 3256 2851 ira
3296 2795 3740 2878 properans
3780 2766 3886 2847 ad

1074 2904 1547 3005 vindictam,
1588 2924 1905 3016 portam
1931 2969 1949 3005 ‚
1989 2934 2135 3016 per
2168 2934 2412 3019 quam
2452 2908 2928 3003 intraverat,
2980 2905 3153 2986 solo
3195 2904 3435 3018 dejici
3477 2911 3836 3022 precepit
3861 2969 3880 3005 ,

1083 3065 1163 3126 et
1193 3048 1588 3126 transiens
1624 3073 1880 3156 prope
1922 3043 2366 3153 campanile
2403 3044 2586 3125 ville
2610 3107 2628 3142 ,
2662 3073 2845 3126 cum
2889 3073 3354 3155 campanam
3397 3043 3500 3130 ad
3544 3074 3881 3154 congre-

1081 3182 1436 3295 gandum
1509 3162 2161 3264 communitatem
2233 3180 2695 3262 ordinatam
2759 3184 3111 3262 amoveri
3173 3185 3660 3294 precepisset
3691 3246 3710 3282 ,
3784 3183 3887 3288 ad

1083 3340 1430 3404 castrum
1470 3322 1780 3436 regium
1814 3349 2090 3401 omnes
2136 3322 2346 3400 cives
2395 3311 2630 3400 arma*
2656 3317 2896 3429 jussit
2937 3322 3294 3429 propriis
3334 3320 3689 3402 humeris
3737 3320 3889 3403 de-

1080 3461 1326 3560 ferre3
1355 3457 1578 3572 quod
1605 3478 1873 3542 tamen
1897 3456 2599 3566 indignantissime
2622 3476 2703 3541 et
2732 3455 2966 3538 inviti
2997 3477 3503 3568 peregerunt,
3522 3462 3675 3540 Die
3697 3488 3884 3541 vero

1080 3599 1483 3711 sequenti,
1532 3598 2147 3707 principaliores
2182 3596 2570 3676 scelerum
2602 3595 3211 3682 commissorum
3230 3657 3251 3694 ,
3289 3596 3636 3682 consilio
3664 3599 3886 3708 regio

1088 3740 1175 3817 in
1228 3765 1365 3820 eos
1408 3733 1891 3846 supplicium
1937 3732 2418 3816 decernente
2445 3796 2464 3833 ,
2526 3735 2937 3814 communi
2963 3733 3431 3844 ,spectaculo
3472 3734 3892 3844 capitalem

1083 3878 1356 3960 sub1e1
1357 3896 1508 3962 unt
1527 3878 2045 3976 sentenciam,
2079 3893 2159 3956 et
2185 3873 2511 3958 tandem
2531 3873 2703 3954 ⁸'ad
2684 3876 3292 3998 imposicionem
3313 3901 3555 3983 super
3585 3874 3892 3980 potabi-

1085 4017 1188 4095 lia
1208 4033 1288 4096 et
1314 4041 1772 4126 pannorum
1800 4013 2363 4095 vendicionem
2389 4010 3014 4144 recolligendam
3038 4009 3367 4122 quidam
3399 4012 3889 4094 auctoritate

1088 4154 1308 4262 regia
1349 4151 2570 4262 deputantur..
2621 4229 2624 4234 .
2685 4235 2798 4316 ἓν,

2038 4337 2712 4431 CAPITULUM
2759 4295 2926 4430 IV.

1901 4561 2031 4622 Rex
2058 4565 2336 4626 offensam
2370 4561 2780 4622 Parisiensium
2810 4559 3072 4620 remittit.

1202 4743 1362 4824 Vix
1424 4740 1526 4824 ad
1582 4743 2242 4825 reformacionem
2294 4744 2478 4825 ville
2542 4772 2684 4824 rex
2744 4743 3110 4854 spacium
3165 4738 3419 4823 tridui
3487 4756 3892 4848 exegerat,

1091 4911 1272 4963 cum
1300 4878 1595 4964 scelera
1624 4881 2189 4964 Parisiensium
2220 4881 2377 4964 sihi
2405 4884 2922 4966 nunciantur.
2952 4879 3182 4961 Unde
3213 4875 3901 4986 iracundia-gemi-
