4666 6014
1055 674 1205 744 282
1535 657 2224 736 CHRONICORUM
2274 655 2632 732 KAROLI
2681 655 2968 730 SEXTI
3018 658 3197 732 LIB.
3251 654 3382 730 IV.

1065 816 1362 898 indolis
1407 828 1878 921 argumenta
1925 811 2218 920 prima.
2270 808 2766 919 Singularem
2796 809 2823 851 ¹
2874 807 3125 887 eciam
3171 808 3257 886 in
3306 804 3650 886 obsessis
3690 811 3875 888 ani-

1041 979 1376 1035 ·mosam
1406 950 1995 1049 tolleranciam‚
2029 946 2370 1059 provida
2403 947 2763 1061 adjutam
2797 944 3222 1045 industria,
3254 947 3628 1026 existimo
3663 975 3875 1026 com-

1066 1081 1625 1171 mendandam.
1666 1087 1874 1172 Nam
1918 1114 2102 1167 cum
2154 1104 2404 1195 ponte
2449 1085 2743 1167 levatili
2792 1101 3034 1195 porta
3074 1083 3331 1163 fracta
3372 1086 3454 1163 vi
3508 1082 3869 1165 obsidio-

1067 1227 1369 1308 nalium
1410 1243 2037 1323 tormentorum,
2081 1254 2263 1305 cum
2296 1226 2662 1305 cominus
2701 1241 2782 1304 et
2816 1209 3349 1303 manutentim
3383 1239 3870 1331 pugn-arent,

1067 1368 1238 1484 regi
1270 1364 1639 1478 querenti
1683 1393 1825 1444 cur
1860 1363 1982 1444 sui
2021 1391 2191 1472 non
2227 1361 2897 1474 ingrediebantur
2927 1360 3195 1443 villam
3214 1423 3232 1459 ,
3277 1361 3620 1441 nuncius
3651 1333 3872 1462 fiti—

1070 1522 1358 1585 nanter
1392 1530 1813 1583 accurrens
1854 1502 2265 1583 nunciavit
2304 1500 2526 1613 quod
2570 1502 2840 1583 hostes
2873 1502 3325 1617 superiores
3364 1517 3617 1580 erant.
3672 1499 3876 1608 Ipsis

1073 1645 1368 1724 iterum
1427 1658 1590 1720 tam
1655 1642 1744 1735 in
1806 1659 1987 1720 arto
2036 1637 2503 1721 'constitutis
2560 1668 2728 1721 non
2785 1638 3045 1720 defuit
3096 1638 3498 1720 industria
3547 1665 3877 1747 presens

1072 1777 1503 1859 discrimen
1528 1775 1865 1857 vitandi.
1893 1774 2052 1858 Sed
2075 1781 2293 1877 mox,
2322 1796 2649 1858 eentum
2671 1779 2867 1858 viris
2892 1805 3124 1858 arms
3142 1805 3375 1857 usum
3392 1774 3879 1882 habqptibus

1072 1916 1545 2000 familiarem
1583 1932 1663 1995 et
1716 1912 2116 2024 sagitandi
2172 1917 2559 2023 periciam-
2598 1915 2703 1995 ad
2743 1915 2900 1996 loci
2942 1913 3390 1996 custodiam
3432 1912 3834 2023 deputatis
3858 1974 3877 2008 ‚

1075 2054 1315 2134 ceteri
1353 2050 1715 2137 demissis
1754 2052 2047 2131 lanceis
2093 2049 2407 2133 aditum
2454 2053 2776 2135 fortiter
2831 2070 3386 2151 servaverunt,
3441 2076 3683 2165 seque
3724 2043 3879 2159 pro

1075 2192 1325 2271 muris
1365 2206 1602 2299 porte
1634 2187 2001 2270 obiciunt
2019 2252 2054 2289 ,‚
2090 2187 2354 2271 donee
2397 2194 2801 2302 quercinis
2840 2191 3208 2274 trabibus
3252 2190 3593 2272 invicem
3631 2211 3879 2297 copu-

1075 2329 1254 2409 latis
1320 2328 1893 2440 bitumatisque
1959 2327 2152 2407 fimo
2177 2391 2195 2427 ,
2266 2358 2452 2409 cum
2515 2331 2775 2410 lutosa
2832 2332 3089 2410 milito
3153 2329 3518 2426 materia,
3579 2323 3882 2406 aditum

1084 2466 1599 2547 obturassent
1649 2483 1730 2545 et
1780 2465 2461 2572 impermeabilem
2516 2464 3083 2548 reddidissent.

1192 2606 1558 2683 Durante
1595 2600 2049 2700 obsidione,
2082 2603 2336 2683 multa
2373 2622 2594 2711 gesta
2632 2605 3146 2713 particularia
3172 2602 3405 2684 laude
3430 2602 3676 2712 digna
3709 2630 3889 2682 nar-

1080 2741 1509 2838 rabantur,
1565 2740 1864 2851 quibus
1925 2765 2254 2846 operam
2320 2739 2514 2821 dare
2567 2770 2738 2823 non
2805 2711 3145 2822 intendo
3179 2802 3200 2840 ,
3270 2740 3461 2852 quia
3528 2739 3887 2820 officeret

1084 2875 1602 2989 compendio,
1642 2874 1867 2989 quod
1911 2875 2268 2958 studiose
2305 2907 2615 2988 qum-03
2646 2877 2788 2962 sed
2836 2878 3234 2988 generalia
3277 2875 3845 2989 prosequendo
3867 2941 3885 2977 ,

1087 3016 1469 3099 cotidiani
1535 3015 1956 3097 conflictus
1977 3078 2002 3111 ‚
2070 3015 2300 3097 cedes
2361 3046 2694 3097 suorum
2743 3019 3124 3115 continue
3149 2999 3178 3116 ‚A
3225 3007 3494 3125 vigilie
3546 3016 3892 3126 perhen-

1091 3183 1231 3237 nes
1252 3218 1270 3254 ,
1330 3156 1712 3235 nocturni
1760 3156 2127 3255 timoreS,
2174 3173 2254 3235 et
2299 3184 2540 3265 super
2586 3157 2858 3236 omnia
2898 3157 3156 3236 victus
3200 3173 3281 3236 et
3330 3157 3701 3235 omnium
3748 3155 3891 3235 ali·-

1085 3310 1542 3373 mentorum
1576 3290 1935 3373 defectus
1961 3293 2231 3373 hostes
2267 3294 2354 3372 in
2393 3291 2775 3373 finalibus
2810 3290 2915 3373 ad
2946 3293 3313 3375 ultimam
3350 3295 3896 3373 necessitatem

1092 3429 1624 3512 deduxerunt.
1661 3428 2049 3511 Videntes
2089 3433 2382 3512 iterum
2420 3432 2923 3515 Francorum
2958 3432 3649 3540 longanimitatem
3688 3451 3768 3511 et
3809 3434 3899 3510 in

1093 3568 1513 3650 laboribus
1575 3571 2259 3676 perseveranciam
2277 3631 2297 3668 ,
2357 3566 2740 3681 quodque
2802 3596 2951 3648 nec
3006 3568 3522 3648 inclemencia
3569 3568 3901 3691 frigoris

1095 3707 1594 3786 imminentis
1614 3732 1762 3786 nec
1799 3707 2205 3816 ymbrium
2227 3703 2572 3817 prodiga
2597 3702 3166 3787 habundancia
3200 3707 3305 3786 ab
3327 3708 3648 3818 incepto
3679 3726 3904 3818 pote-

1100 3864 1287 3926 rant
1340 3847 1736 3946 revocari,
1791 3865 1872 3927 et
1921 3843 2142 3959 quod
2166 3832 2192 3944 ‚'
2242 3847 2400 3925 nisi
2454 3872 2646 3924 mox
2704 3844 3026 3927 abirent
3043 3907 3062 3943 ‚
3118 3844 3380 3926 solum
3434 3873 3579 3954 per
3640 3848 3900 3926 mani-

1102 3984 1422 4091 pulares
1461 3987 1867 4094 gregarios
1907 4002 2287 4095 poterant
2319 3981 2435 4081 ‘ad
2471 3980 2976 4065 dedicionem
3013 3985 3193 4092 cogi
3221 4045 3241 4081 ,
3292 4002 3483 4067 tunc
3538 4001 3907 4067 mutuum

1103 4122 1700 4204 celebraverunt
1736 4121 2198 4221 consilium,
2241 4119 2444 4234 quid
2490 4119 2684 4204 inde
2733 4138 3063 4231 agerent
3107 4122 3639 4232 inquirentes.

1181 4411 1194 4433 ⁸
1234 4406 1374 4462 Far.
1393 4428 1410 4459 ε
1439 4416 1503 4462 n·
1529 4404 1690 4481 5960,
1719 4403 1912 4463 fol..55
1934 4423 2009 4474 v„
2038 4405 2435 4481 singulariter..
