4666 6014
1100 622 1246 696 aas
1570 613 2249 732 enacmconnm
2299 612 2654 687 mon
2705 613 2987 688 saxu
3037 615 3214 690 Lm.
3269 614 3406 689 xi.

1105 769 1480 876 proximo
1544 763 2022 845 crederetur.
2081 762 2773 874 Invalescenteque
2833 765 3117 844 iterum
3174 782 3603 846 ventorum
3665 764 3886 845 rabie

1103 903 1542 1013 procellosa
1562 965 1581 1000 ,
1619 902 1988 981 ‘fenestris
2019 927 2510 981 camerarum
2540 930 2585 980 a
2608 899 3075 982 cardinibus
3106 902 3424 999 evulsis,
3457 902 3885 980 vitrearum

1103 1040 1482 1149 capellam
1535 1040 1809 1147 regine
1862 1038 2396 1118 ambiencium
2440 1039 2791 1118 minucie
2845 1036 2947 1118 ad
2998 1036 3242 1119 altare
3297 1063 3548 1149 usque
3588 1036 3887 1148 dejecte

1107 1195 1334 1275 sunt3
1365 1195 1442 1257 et
1483 1204 1585 1260 ne
1624 1205 1915 1285 corpus
1949 1176 2248 1255 Christi
2291 1194 2840 1256 consecratum
2869 1174 2967 1256 de
3008 1174 3439 1256 sacerdotis
3481 1191 3886 1268 erueretur

1105 1315 1470 1394 manibus
1496 1378 1514 1412 ,
1556 1314 1917 1422 oportuit
1952 1310 2361 1392 residuum
2398 1313 2630 1393 misse
2669 1314 2819 1392 sub
2852 1313 3177 1396 silencio
3211 1313 3467 1396 finire.
3523 1303 3526 1308 ’

1220 1457 1434 1536 Dum
1473 1451 1788 1536 duravit
1819 1451 2203 1534 violencia
2243 1450 2594 1534 turbinis
2627 1449 3027 1562 inaudita,
3066 1480 3342 1534 omnes
3385 1453 3673 1534 timore
3709 1479 3884 1560 per-

1115 1593 1311 1674 culsi
1341 1594 1481 1701 qui
1510 1589 1840 1672 aderant
1863 1609 1945 1672 et
1972 1592 2396 1697 prostrati,
2426 1618 2575 1670 nec
2611 1592 2782 1670 ausi
2818 1603 3134 1674 sursum
3161 1592 3593 1699 respicere,
3631 1589 3887 1696 jacue-

1110 1748 1323 1808 runt.
1398 1726 1838 1806 Consilium
1901 1728 2147 1804 eciam
2213 1753 2365 1833 pro
2428 1724 2839 1833 exigendis
2901 1725 3420 1834 popularibus
3487 1727 3886 1834 peccuniis

1109 1867 1458 1946 solutum
1495 1857 1653 1958 est3
1704 1860 1922 1973 quod
1962 1878 2042 1940 et
2081 1891 2218 1939 rex
2263 1861 2819 1968 postmodum,
2872 1865 3144 1971 regine
3184 1863 3557 1972 precibus
3595 1864 3884 1958 victuS‚

1109 2030 1264 2111 que
1311 2002 1676 2110 proxima
1711 2016 1880 2077 erat
1923 2000 2224 2106 partui,
2267 1999 2641 2076 reiterare
2678 2000 2949 2078 vetuit.
2997 1999 3199 2077 Nam
3240 1996 3336 2077 ad
3378 2023 3637 2106 regem
3677 2025 3889 2076 acce-

1110 2138 1306 2219 dens
1342 2133 1862 2218 tremebunda
1889 2196 1908 2231 ‚
1940 2135 2270 2214 asseruit
2302 2131 2520 2244 quod
2555 2133 2700 2213 hec
2728 2133 3184 2214 inordinata
3217 2136 3417 2215 aeris
3457 2132 3886 2241 disposicio

1108 2281 1208 2358 ex'
1243 2279 1397 2360 hoc
1439 2277 1644 2358 malo
1688 2272 2192 2384 procedebat.

1222 2417 1720 2499 Proceriores
1787 2413 2112 2493 arbores
2184 2412 2372 2492 silve
2444 2412 2817 2520 contigue
2881 2409 3204 2523 quidam
3272 2440 3361 2492 ea
3431 2430 3887 2521 tempestate

1111 2554 1408 2636 evulsas
1467 2551 1853 2636 radicitus
1911 2538 2352 2634 retulerunt
2373 2611 2391 2647 ‚
2439 2568 2937 2658 quatuorque
2989 2551 3164 2630 aule
3212 2551 3423 2658 regie
3464 2552 3888 2632 servientes

1115 2692 1323 2771 inter
1364 2709 1724 2772 sanctum
1775 2691 2264 2770 Germanum
2307 2704 2387 2766 et
2439 2687 2909 2768 Possiacum·
2940 2689 3105 2767 ictu
3145 2687 3501 2770 fulminis
3544 2689 3841 2796 perisse
3868 2748 3888 2783 ‚

1114 2832 1418 2910 cunctis
1465 2828 1958 2934 consumptis
2014 2823 2363 2918 ossibus,
2420 2823 2742 2934 solaque
2782 2842 2958 2904 cute
2996 2824 3216 2908 illesa
3251 2842 3745 2921 remanente,
3785 2822 3887 2903 ad

1115 2971 1367 3058 instar
1409 2986 1671 3047 tamen
1714 2964 2157 3044 carbonum
2199 2959 2633 3069 denigrata.

2047 3228 2703 3306 CAPITULUM
2767 3229 2971 3307 VII.

2116 3438 2206 3496 De
2236 3440 2444 3497 comite
2473 3437 2896 3497 d’Austrevant.

1236 3656 1473 3733 Anno
1515 3650 1668 3728 isto
1692 3645 1975 3754 Anglie
2002 3673 2143 3725 rex
2178 3642 2651 3741 Richardus‚
2684 3646 2768 3724 in
2796 3643 2980 3725 villa
3012 3639 3617 3725 Londoniarum
3656 3641 3897 3725 hasti-

1127 3787 1340 3869 ludia
1383 3786 1751 3866 militaria
1790 3810 2010 3862 more
2044 3782 2722 3888 Francigenarum
2765 3808 3158 3877 exercens,
3202 3781 3489 3861 exteris
3526 3802 3893 3886 superve-

1126 3926 1532 4007 nientibus
1595 3948 1961 4029 magnam
2020 3919 2593 3998 solemnitatem
2650 3917 3107 4015 celebravit,
3158 3920 3244 3996 in
3297 3946 3453 4026 qua
3495 3915 3593 3996 de
3647 3944 3895 4022 regno

1129 4063 1461 4142 Francie
1516 4058 1742 4139 multi
1804 4057 2337 4136 interfuerunt
2390 4056 2718 4137 comites
2765 4070 2844 4133 et
2895 4055 3276 4151 barones,
3334 4052 3471 4134 sed
3511 4055 3594 4135 in
3651 4078 3896 4161 appa·-

1128 4204 1308 4281 'ratu
1345 4198 1629 4310 majori
1668 4224 1928 4278 comes
1971 4193 2557 4291 d’Austrevant,
2600 4192 2807 4273 filius
2852 4194 3167 4273 comitis
3199 4193 3757 4274 Hanoniensis.
3792 4192 3898 4270 Ut

1046 4405 1056 4415 .
1131 4340 1368 4448 hujus
1410 4336 1842 4416 amiciciam
1882 4362 2019 4412 rex
2077 4333 2408 4413 Francie
2461 4330 3020 4413 corroboraret
3069 4329 3438 4427 solidius,
3482 4346 3896 4439 cognatam

1132 4479 1302 4586 ejus
1340 4503 1794 4584 germanam
1843 4471 2085 4551 filiam
2132 4467 2355 4549 ducis
2409 4465 2860 4576 Burgundie
2906 4466 3234 4549 dederat
3280 4470 3364 4546 in
3408 4496 3775 4565 uxorem,
3822 4486 3900 4546 et

1130 4610 1539 4724 hucusque
1585 4640 1770 4713 eum
1814 4610 2316 4715 amplissimis
2370 4607 2818 4689 honoribus
2857 4624 2936 4689 et
2988 4607 3479 4689 muneribus.
3506 4604 3897 4699 coluerat3

1130 4768 1312 4862 que'
1340 4752 1693 4860 quamvis
1757 4777 1853 4827 eo
1913 4775 2077 4826 esse
2124 4747 2478 4852 graciora
2540 4741 2964 4827 debuerint
3024 4744 3258 4852 quod.
3299 4760 3378 4822 et
3432 4743 3635 4821 circa
3708 4741 3898 4819 alios
