<?xml version="1.0" encoding="UTF-8"?>
<!DOCTYPE html PUBLIC "-//W3C//DTD XHTML 1.0 Transitional//EN"
    "http://www.w3.org/TR/xhtml1/DTD/xhtml1-transitional.dtd">
<html xmlns="http://www.w3.org/1999/xhtml" xml:lang="en" lang="en">
 <head>
  <title>
</title>
<meta http-equiv="Content-Type" content="text/html;charset=utf-8" />
  <meta name='ocr-system' content='tesseract 3.04.00' />
  <meta name='ocr-capabilities' content='ocr_page ocr_carea ocr_par ocr_line ocrx_word'/>
</head>
<body>
  <div class='ocr_page' id='page_1' title='image "./chroniquedureli00frangoog_0226.png"; bbox 0 0 4666 6014; ppageno 0'>
   <div class='ocr_carea' id='block_1_1' title="bbox 1059 663 3407 746">
    <p class='ocr_par' dir='ltr' id='par_1_1' title="bbox 1059 663 3407 746">
     <span class='ocr_line' id='line_1_1' title="bbox 1059 663 3407 746; baseline -0.003 -2"><span class='ocrx_word' id='word_1_1' title='bbox 1059 675 1202 745; x_wconf 83' lang='lat'><strong>202</strong></span> <span class='ocrx_word' id='word_1_2' title='bbox 1535 664 2218 742; x_wconf 85' lang='lat' dir='ltr'>GHRONICORUM</span> <span class='ocrx_word' id='word_1_3' title='bbox 2268 663 2625 746; x_wconf 78' lang='lat' dir='ltr'>RAROLI</span> <span class='ocrx_word' id='word_1_4' title='bbox 2678 665 2961 745; x_wconf 81' lang='lat' dir='ltr'><strong>SEXTI</strong></span> <span class='ocrx_word' id='word_1_5' title='bbox 3013 668 3190 746; x_wconf 87' lang='lat' dir='ltr'><strong>LIB.</strong></span> <span class='ocrx_word' id='word_1_6' title='bbox 3245 667 3407 744; x_wconf 89' lang='lat'>111.·</span> 
     </span>
    </p>
   </div>
   <div class='ocr_carea' id='block_1_2' title="bbox 1036 815 3859 4613">
    <p class='ocr_par' dir='ltr' id='par_1_2' title="bbox 1056 815 3859 1614">
     <span class='ocr_line' id='line_1_2' title="bbox 1060 815 3858 930; baseline -0.001 -33"><span class='ocrx_word' id='word_1_7' title='bbox 1060 842 1412 899; x_wconf 84' lang='lat' dir='ltr'><strong>asserens</strong></span> <span class='ocrx_word' id='word_1_8' title='bbox 1459 815 1841 902; x_wconf 79' lang='lat' dir='ltr'><strong>nuncium</strong></span> <span class='ocrx_word' id='word_1_9' title='bbox 1891 816 2251 930; x_wconf 73' lang='lat' dir='ltr'><strong>rendisse</strong></span> <span class='ocrx_word' id='word_1_10' title='bbox 2306 815 2531 928; x_wconf 76' lang='lat' dir='ltr'><strong>quo&#39;d</strong></span> <span class='ocrx_word' id='word_1_11' title='bbox 2565 816 2851 898; x_wconf 81' lang='lat' dir='ltr'>Gallici</span> <span class='ocrx_word' id='word_1_12' title='bbox 2891 817 3081 898; x_wconf 84' lang='lat' dir='ltr'><strong>victi</strong></span> <span class='ocrx_word' id='word_1_13' title='bbox 3124 829 3378 898; x_wconf 83' lang='lat' dir='ltr'><strong>erant.</strong></span> <span class='ocrx_word' id='word_1_14' title='bbox 3414 815 3585 896; x_wconf 84' lang='lat' dir='ltr'><strong>Rex</strong></span> <span class='ocrx_word' id='word_1_15' title='bbox 3630 841 3858 911; x_wconf 81' lang='lat' dir='ltr'><strong>vere,</strong></span> 
     </span>
     <span class='ocr_line' id='line_1_3' title="bbox 1060 939 3859 1064; baseline -0.001 -30"><span class='ocrx_word' id='word_1_16' title='bbox 1060 972 1390 1064; x_wconf 88' lang='lat' dir='ltr'><strong>pontem</strong></span> <span class='ocrx_word' id='word_1_17' title='bbox 1448 953 1882 1052; x_wconf 73' lang='lat' dir='ltr'><strong>transien8‚</strong></span> <span class='ocrx_word' id='word_1_18' title='bbox 1943 977 2126 1035; x_wconf 82' lang='lat' dir='ltr'><strong>suos</strong></span> <span class='ocrx_word' id='word_1_19' title='bbox 2173 939 2743 1064; x_wconf 77' lang='lat' dir='ltr'><strong>benignissime</strong></span> <span class='ocrx_word' id='word_1_20' title='bbox 2802 953 3327 1050; x_wconf 78' lang='lat' dir='ltr'>confortavit,</span> <span class='ocrx_word' id='word_1_21' title='bbox 3388 970 3469 1031; x_wconf 88' lang='lat' dir='ltr'><strong>et</strong></span> <span class='ocrx_word' id='word_1_22' title='bbox 3519 980 3614 1031; x_wconf 89' lang='lat' dir='ltr'><strong>ex</strong></span> <span class='ocrx_word' id='word_1_23' title='bbox 3664 953 3859 1062; x_wconf 91' lang='lat' dir='ltr'><strong>ipsis</strong></span> 
     </span>
     <span class='ocr_line' id='line_1_4' title="bbox 1058 1089 3856 1204; baseline -0 -35"><span class='ocrx_word' id='word_1_24' title='bbox 1058 1093 1189 1170; x_wconf 75' lang='lat' dir='ltr'><strong>vix</strong></span> <span class='ocrx_word' id='word_1_25' title='bbox 1239 1089 1631 1170; x_wconf 89' lang='lat' dir='ltr'><strong>decimum</strong></span> <span class='ocrx_word' id='word_1_26' title='bbox 1695 1121 2173 1204; x_wconf 86' lang='lat' dir='ltr'>quemquam</span> <span class='ocrx_word' id='word_1_27' title='bbox 2221 1095 2395 1172; x_wconf 90' lang='lat' dir='ltr'><strong>sine</strong></span> <span class='ocrx_word' id='word_1_28' title='bbox 2438 1093 2761 1172; x_wconf 85' lang='lat' dir='ltr'><strong>vulnere</strong></span> <span class='ocrx_word' id='word_1_29' title='bbox 2798 1090 3116 1191; x_wconf 75' lang='lat' dir='ltr'><strong>videnS,</strong></span> <span class='ocrx_word' id='word_1_30' title='bbox 3160 1108 3459 1202; x_wconf 88' lang='lat' dir='ltr'><strong>quanta</strong></span> <span class='ocrx_word' id='word_1_31' title='bbox 3513 1091 3631 1170; x_wconf 91' lang='lat' dir='ltr'><strong>ibi</strong></span> <span class='ocrx_word' id='word_1_32' title='bbox 3676 1119 3856 1170; x_wconf 89' lang='lat' dir='ltr'><strong>cum</strong></span> 
     </span>
     <span class='ocr_line' id='line_1_5' title="bbox 1056 1226 3856 1340; baseline 0 -35"><span class='ocrx_word' id='word_1_33' title='bbox 1056 1231 1346 1308; x_wconf 86' lang='lat' dir='ltr'><strong>virtute</strong></span> <span class='ocrx_word' id='word_1_34' title='bbox 1382 1258 1506 1308; x_wconf 90' lang='lat' dir='ltr'><strong>res</strong></span> <span class='ocrx_word' id='word_1_35' title='bbox 1548 1248 1766 1337; x_wconf 85' lang='lat' dir='ltr'><strong>gesta</strong></span> <span class='ocrx_word' id='word_1_36' title='bbox 1803 1249 2005 1324; x_wconf 88' lang='lat' dir='ltr'><strong>esset</strong></span> <span class='ocrx_word' id='word_1_37' title='bbox 2045 1231 2404 1338; x_wconf 85' lang='lat' dir='ltr'><strong>agnovit,</strong></span> <span class='ocrx_word' id='word_1_38' title='bbox 2456 1257 2889 1340; x_wconf 90' lang='lat' dir='ltr'><strong>omnesque</strong></span> <span class='ocrx_word' id='word_1_39' title='bbox 2934 1227 3200 1338; x_wconf 85' lang='lat' dir='ltr'><strong>dignis</strong></span> <span class='ocrx_word' id='word_1_40' title='bbox 3237 1226 3607 1307; x_wconf 83' lang='lat' dir='ltr'><strong>laudibus</strong></span> <span class='ocrx_word' id='word_1_41' title='bbox 3648 1227 3856 1306; x_wconf 90' lang='lat' dir='ltr'><strong>cele-</strong></span> 
     </span>
     <span class='ocr_line' id='line_1_6' title="bbox 1065 1364 3856 1478; baseline -0.001 -34"><span class='ocrx_word' id='word_1_42' title='bbox 1065 1365 1347 1465; x_wconf 88' lang='lat' dir='ltr'><strong>brans,</strong></span> <span class='ocrx_word' id='word_1_43' title='bbox 1424 1365 1717 1446; x_wconf 88' lang='lat' dir='ltr'><strong>eisdem</strong></span> <span class='ocrx_word' id='word_1_44' title='bbox 1800 1367 2100 1478; x_wconf 83' lang='lat' dir='ltr'><strong>gracias</strong></span> <span class='ocrx_word' id='word_1_45' title='bbox 2161 1368 2366 1473; x_wconf 82' lang='lat' dir='ltr'><strong>egit,</strong></span> <span class='ocrx_word' id='word_1_46' title='bbox 2431 1364 2950 1478; x_wconf 89' lang='lat' dir='ltr'><strong>spopondens</strong></span> <span class='ocrx_word' id='word_1_47' title='bbox 3017 1395 3205 1476; x_wconf 84' lang='lat' dir='ltr'><strong>erga</strong></span> <span class='ocrx_word' id='word_1_48' title='bbox 3261 1394 3438 1445; x_wconf 91' lang='lat' dir='ltr'>eum</span> <span class='ocrx_word' id='word_1_49' title='bbox 3502 1364 3856 1446; x_wconf 87' lang='lat' dir='ltr'><strong>exhibite</strong></span> 
     </span>
     <span class='ocr_line' id='line_1_7' title="bbox 1057 1503 3639 1614; baseline 0 -32"><span class='ocrx_word' id='word_1_50' title='bbox 1057 1506 1412 1588; x_wconf 83' lang='lat' dir='ltr'><strong>caritatis</strong></span> <span class='ocrx_word' id='word_1_51' title='bbox 1453 1531 1620 1586; x_wconf 87' lang='lat' dir='ltr'><strong>non</strong></span> <span class='ocrx_word' id='word_1_52' title='bbox 1655 1505 2194 1582; x_wconf 86' lang='lat' dir='ltr'>immemorem</span> <span class='ocrx_word' id='word_1_53' title='bbox 2229 1532 2312 1582; x_wconf 93' lang='lat' dir='ltr'><strong>se</strong></span> <span class='ocrx_word' id='word_1_54' title='bbox 2343 1503 2729 1590; x_wconf 84' lang='lat' dir='ltr'><strong>futurum.</strong></span> <span class='ocrx_word' id='word_1_55' title='bbox 3630 1605 3639 1614; x_wconf 35' lang='grc' dir='ltr'>Ι</span> 
     </span>
    </p>

    <p class='ocr_par' dir='ltr' id='par_1_3' title="bbox 1036 1638 3851 4613">
     <span class='ocr_line' id='line_1_8' title="bbox 1165 1638 3850 1745; baseline -0.001 -28"><span class='ocrx_word' id='word_1_56' title='bbox 1165 1641 1384 1724; x_wconf 87' lang='lat' dir='ltr'>Inter</span> <span class='ocrx_word' id='word_1_57' title='bbox 1435 1641 1582 1724; x_wconf 85' lang='lat' dir='ltr'><strong>hos</strong></span> <span class='ocrx_word' id='word_1_58' title='bbox 1624 1638 1925 1724; x_wconf 82' lang='lat' dir='ltr'><strong>assidui</strong></span> <span class='ocrx_word' id='word_1_59' title='bbox 1972 1642 2251 1724; x_wconf 87' lang='lat' dir='ltr'><strong>martis</strong></span> <span class='ocrx_word' id='word_1_60' title='bbox 2300 1659 2627 1726; x_wconf 86' lang='lat' dir='ltr'><strong>eventus</strong></span> <span class='ocrx_word' id='word_1_61' title='bbox 2674 1644 2974 1740; x_wconf 83' lang='lat' dir='ltr'><strong>variOS‚</strong></span> <span class='ocrx_word' id='word_1_62' title='bbox 3028 1669 3211 1720; x_wconf 87' lang='lat' dir='ltr'><strong>cum</strong></span> <span class='ocrx_word' id='word_1_63' title='bbox 3265 1642 3346 1722; x_wconf 86' lang='lat' dir='ltr'><strong>in</strong></span> <span class='ocrx_word' id='word_1_64' title='bbox 3391 1639 3668 1730; x_wconf 78' lang='lat' dir='ltr'><strong>castris</strong></span> <span class='ocrx_word' id='word_1_65' title='bbox 3708 1664 3850 1745; x_wconf 84' lang='lat' dir='ltr'><strong>pa·</strong></span> 
     </span>
     <span class='ocr_line' id='line_1_9' title="bbox 1051 1776 3851 1886; baseline -0.002 -28"><span class='ocrx_word' id='word_1_66' title='bbox 1051 1777 1328 1864; x_wconf 84' lang='lat' dir='ltr'><strong>bulum</strong></span> <span class='ocrx_word' id='word_1_67' title='bbox 1365 1794 1445 1856; x_wconf 91' lang='lat' dir='ltr'><strong>et</strong></span> <span class='ocrx_word' id='word_1_68' title='bbox 1475 1776 1726 1872; x_wconf 76' lang='lat' dir='ltr'><strong>victus</strong></span> <span class='ocrx_word' id='word_1_69' title='bbox 1759 1776 2230 1878; x_wconf 85' lang='lat' dir='ltr'><strong>deficerent,</strong></span> <span class='ocrx_word' id='word_1_70' title='bbox 2263 1797 2343 1860; x_wconf 88' lang='lat' dir='ltr'><strong>et</strong></span> <span class='ocrx_word' id='word_1_71' title='bbox 2372 1808 2517 1886; x_wconf 92' lang='lat' dir='ltr'><strong>pre</strong></span> <span class='ocrx_word' id='word_1_72' title='bbox 2542 1779 3109 1864; x_wconf 80' lang='lat' dir='ltr'><strong>&#39;alimentorum</strong></span> <span class='ocrx_word' id='word_1_73' title='bbox 3144 1778 3419 1882; x_wconf 85' lang='lat' dir='ltr'><strong>inopia</strong></span> <span class='ocrx_word' id='word_1_74' title='bbox 3459 1776 3851 1860; x_wconf 66' lang='lat' dir='ltr'><strong>exercitus</strong></span> 
     </span>
     <span class='ocr_line' id='line_1_10' title="bbox 1049 1908 3849 2013; baseline 0 -22"><span class='ocrx_word' id='word_1_75' title='bbox 1049 1915 1485 2013; x_wconf 83' lang='lat' dir='ltr'><strong>laboraret,</strong></span> <span class='ocrx_word' id='word_1_76' title='bbox 1534 1911 1636 1994; x_wconf 84' lang='lat' dir='ltr'><strong>de</strong></span> <span class='ocrx_word' id='word_1_77' title='bbox 1671 1918 2076 1998; x_wconf 87' lang='lat' dir='ltr'><strong>communi</strong></span> <span class='ocrx_word' id='word_1_78' title='bbox 2118 1944 2543 2012; x_wconf 89' lang='lat' dir='ltr'><strong>consensu,</strong></span> <span class='ocrx_word' id='word_1_79' title='bbox 2589 1908 2690 1996; x_wconf 81' lang='lat' dir='ltr'><strong>de</strong></span> <span class='ocrx_word' id='word_1_80' title='bbox 2723 1916 3059 1997; x_wconf 83' lang='lat' dir='ltr'><strong>consilio</strong></span> <span class='ocrx_word' id='word_1_81' title='bbox 3105 1913 3413 1994; x_wconf 89' lang='lat' dir='ltr'><strong>domini</strong></span> <span class='ocrx_word' id='word_1_82' title='bbox 3460 1913 3849 1994; x_wconf 84' lang='lat' dir='ltr'><strong>Johannis</strong></span> 
     </span>
     <span class='ocr_line' id='line_1_11' title="bbox 1049 2051 3845 2153; baseline -0.001 -22"><span class='ocrx_word' id='word_1_83' title='bbox 1049 2052 1148 2131; x_wconf 91' lang='lat' dir='ltr'><strong>de</strong></span> <span class='ocrx_word' id='word_1_84' title='bbox 1182 2052 1496 2132; x_wconf 89' lang='lat' dir='ltr'><strong>Vienna</strong></span> <span class='ocrx_word' id='word_1_85' title='bbox 1522 2116 1540 2152; x_wconf 88' lang='lat'><strong>,</strong></span> <span class='ocrx_word' id='word_1_86' title='bbox 1576 2051 1971 2134; x_wconf 85' lang='lat' dir='ltr'><strong>admiralli</strong></span> <span class='ocrx_word' id='word_1_87' title='bbox 2025 2056 2089 2134; x_wconf 93' lang='lat' dir='ltr'>F</span> <span class='ocrx_word' id='word_1_88' title='bbox 2094 2056 2396 2153; x_wconf 86' lang='lat' dir='ltr'><strong>rancie,</strong></span> <span class='ocrx_word' id='word_1_89' title='bbox 2449 2055 3002 2134; x_wconf 87' lang='lat' dir='ltr'><strong>memorabiles</strong></span> <span class='ocrx_word' id='word_1_90' title='bbox 3053 2054 3204 2146; x_wconf 84' lang='lat' dir='ltr'><strong>viri</strong></span> <span class='ocrx_word' id='word_1_91' title='bbox 3249 2053 3536 2132; x_wconf 84' lang='lat' dir='ltr'><strong>merito</strong></span> <span class='ocrx_word' id='word_1_92' title='bbox 3583 2052 3845 2130; x_wconf 88' lang='lat' dir='ltr'><strong>nomi-</strong></span> 
     </span>
     <span class='ocr_line' id='line_1_12' title="bbox 1047 2188 3843 2290; baseline -0.001 -21"><span class='ocrx_word' id='word_1_93' title='bbox 1047 2188 1338 2289; x_wconf 88' lang='lat' dir='ltr'><strong>nandi,</strong></span> <span class='ocrx_word' id='word_1_94' title='bbox 1388 2190 1686 2271; x_wconf 88' lang='lat' dir='ltr'><strong>scilicet</strong></span> <span class='ocrx_word' id='word_1_95' title='bbox 1741 2191 2137 2272; x_wconf 89' lang='lat' dir='ltr'><strong>Girardus</strong></span> <span class='ocrx_word' id='word_1_96' title='bbox 2189 2190 2288 2272; x_wconf 93' lang='lat' dir='ltr'><strong>de</strong></span> <span class='ocrx_word' id='word_1_97' title='bbox 2328 2192 2785 2290; x_wconf 90' lang='lat' dir='ltr'><strong>Borbonio,</strong></span> <span class='ocrx_word' id='word_1_98' title='bbox 2840 2189 3557 2286; x_wconf 41' lang='lat' dir='ltr'><strong>Guido‘BritoniS,</strong></span> <span class='ocrx_word' id='word_1_99' title='bbox 3612 2188 3843 2268; x_wconf 88' lang='lat' dir='ltr'><strong>Guil-</strong></span> 
     </span>
     <span class='ocr_line' id='line_1_13' title="bbox 1045 2325 3845 2427; baseline 0.001 -24"><span class='ocrx_word' id='word_1_100' title='bbox 1045 2326 1317 2407; x_wconf 91' lang='lat' dir='ltr'>lelmus</span> <span class='ocrx_word' id='word_1_101' title='bbox 1380 2328 1640 2427; x_wconf 83' lang='lat' dir='ltr'><strong>Ruffi,</strong></span> <span class='ocrx_word' id='word_1_102' title='bbox 1700 2329 2177 2410; x_wconf 89' lang='lat' dir='ltr'><strong>Guillelmus</strong></span> <span class='ocrx_word' id='word_1_103' title='bbox 2242 2328 2343 2409; x_wconf 90' lang='lat' dir='ltr'><strong>de</strong></span> <span class='ocrx_word' id='word_1_104' title='bbox 2394 2330 2635 2409; x_wconf 89' lang='lat' dir='ltr'><strong>Santa</strong></span> <span class='ocrx_word' id='word_1_105' title='bbox 2705 2330 2959 2409; x_wconf 91' lang='lat' dir='ltr'><strong>Cruce</strong></span> <span class='ocrx_word' id='word_1_106' title='bbox 3014 2357 3196 2408; x_wconf 88' lang='lat' dir='ltr'><strong>cum</strong></span> <span class='ocrx_word' id='word_1_107' title='bbox 3258 2325 3621 2407; x_wconf 89' lang='lat' dir='ltr'><strong>ducentis</strong></span> <span class='ocrx_word' id='word_1_108' title='bbox 3673 2327 3845 2406; x_wconf 89' lang='lat' dir='ltr'><strong>aliis</strong></span> 
     </span>
     <span class='ocr_line' id='line_1_14' title="bbox 1043 2462 3846 2581; baseline 0 -38"><span class='ocrx_word' id='word_1_109' title='bbox 1043 2462 1143 2543; x_wconf 94' lang='lat' dir='ltr'><strong>ad</strong></span> <span class='ocrx_word' id='word_1_110' title='bbox 1175 2465 1324 2544; x_wconf 92' lang='lat' dir='ltr'><strong>hec</strong></span> <span class='ocrx_word' id='word_1_111' title='bbox 1354 2465 1863 2572; x_wconf 88' lang='lat' dir='ltr'><strong>procuranda</strong></span> <span class='ocrx_word' id='word_1_112' title='bbox 1898 2469 2117 2550; x_wconf 90' lang='lat' dir='ltr'><strong>missi</strong></span> <span class='ocrx_word' id='word_1_113' title='bbox 2152 2485 2364 2547; x_wconf 89' lang='lat' dir='ltr'><strong>sunt.</strong></span> <span class='ocrx_word' id='word_1_114' title='bbox 2401 2469 2567 2569; x_wconf 86' lang='lat' dir='ltr'><strong>Qui</strong></span> <span class='ocrx_word' id='word_1_115' title='bbox 2598 2498 2780 2547; x_wconf 90' lang='lat' dir='ltr'><strong>cum</strong></span> <span class='ocrx_word' id='word_1_116' title='bbox 2806 2496 3057 2581; x_wconf 89' lang='lat' dir='ltr'><strong>usque</strong></span> <span class='ocrx_word' id='word_1_117' title='bbox 3077 2467 3391 2577; x_wconf 91' lang='lat' dir='ltr'><strong>Ypram</strong></span> <span class='ocrx_word' id='word_1_118' title='bbox 3422 2468 3846 2573; x_wconf 88' lang='lat' dir='ltr'><strong>processis-</strong></span> 
     </span>
     <span class='ocr_line' id='line_1_15' title="bbox 1041 2603 3844 2719; baseline -0 -37"><span class='ocrx_word' id='word_1_119' title='bbox 1041 2621 1243 2700; x_wconf 86' lang='lat' dir='ltr'>sent,</span> <span class='ocrx_word' id='word_1_120' title='bbox 1268 2604 1332 2681; x_wconf 91' lang='lat' dir='ltr'>F</span> <span class='ocrx_word' id='word_1_121' title='bbox 1336 2603 1705 2711; x_wconf 83' lang='lat' dir='ltr'><strong>lamingis</strong></span> <span class='ocrx_word' id='word_1_122' title='bbox 1741 2605 2029 2685; x_wconf 88' lang='lat' dir='ltr'><strong>iterum</strong></span> <span class='ocrx_word' id='word_1_123' title='bbox 2061 2605 2619 2704; x_wconf 78' lang='lat' dir='ltr'><strong>obviaverunt,</strong></span> <span class='ocrx_word' id='word_1_124' title='bbox 2649 2608 2788 2719; x_wconf 91' lang='lat' dir='ltr'><strong>qui</strong></span> <span class='ocrx_word' id='word_1_125' title='bbox 2810 2634 3120 2713; x_wconf 89' lang='lat' dir='ltr'>semper</span> <span class='ocrx_word' id='word_1_126' title='bbox 3146 2604 3505 2706; x_wconf 84' lang='lat' dir='ltr'><strong>consilia,</strong></span> <span class='ocrx_word' id='word_1_127' title='bbox 3532 2632 3844 2712; x_wconf 88' lang='lat' dir='ltr'>semper</span> 
     </span>
     <span class='ocr_line' id='line_1_16' title="bbox 1043 2724 3841 2860; baseline -0.001 -38"><span class='ocrx_word' id='word_1_128' title='bbox 1043 2770 1302 2839; x_wconf 84' lang='lat' dir='ltr'><strong>arma,</strong></span> <span class='ocrx_word' id='word_1_129' title='bbox 1348 2770 1662 2860; x_wconf 81' lang='lat' dir='ltr'>semper</span> <span class='ocrx_word' id='word_1_130' title='bbox 1703 2741 2033 2826; x_wconf 84' lang='lat' dir='ltr'><strong>insidias</strong></span> <span class='ocrx_word' id='word_1_131' title='bbox 2080 2724 2378 2826; x_wconf 79' lang='lat' dir='ltr'><strong>diurno</strong></span> <span class='ocrx_word' id='word_1_132' title='bbox 2411 2738 2659 2828; x_wconf 86' lang='lat' dir='ltr'><strong>eciam</strong></span> <span class='ocrx_word' id='word_1_133' title='bbox 2700 2745 2969 2851; x_wconf 90' lang='lat' dir='ltr'><strong>spacio</strong></span> <span class='ocrx_word' id='word_1_134' title='bbox 3010 2744 3461 2851; x_wconf 81' lang='lat' dir='ltr'><strong>agitabant3</strong></span> <span class='ocrx_word' id='word_1_135' title='bbox 3512 2744 3598 2822; x_wconf 92' lang='lat' dir='ltr'><strong>in</strong></span> <span class='ocrx_word' id='word_1_136' title='bbox 3639 2768 3841 2852; x_wconf 90' lang='lat' dir='ltr'><strong>quos</strong></span> 
     </span>
     <span class='ocr_line' id='line_1_17' title="bbox 1043 2879 3835 2989; baseline 0 -31"><span class='ocrx_word' id='word_1_137' title='bbox 1043 2907 1224 2962; x_wconf 85' lang='lat' dir='ltr'><strong>cum</strong></span> <span class='ocrx_word' id='word_1_138' title='bbox 1268 2889 1438 2964; x_wconf 76' lang='lat' dir='ltr'><strong>tota</strong></span> <span class='ocrx_word' id='word_1_139' title='bbox 1495 2882 1743 2966; x_wconf 79' lang='lat' dir='ltr'><strong>animi</strong></span> <span class='ocrx_word' id='word_1_140' title='bbox 1801 2879 2267 2964; x_wconf 84' lang='lat' dir='ltr'><strong>vallitudine</strong></span> <span class='ocrx_word' id='word_1_141' title='bbox 2322 2884 2917 2966; x_wconf 81' lang='lat' dir='ltr'><strong>concurrissent</strong></span> <span class='ocrx_word' id='word_1_142' title='bbox 2943 2943 2962 2979; x_wconf 89' lang='lat'><strong>,</strong></span> <span class='ocrx_word' id='word_1_143' title='bbox 3025 2881 3367 2989; x_wconf 90' lang='lat' dir='ltr'><strong>prelium</strong></span> <span class='ocrx_word' id='word_1_144' title='bbox 3426 2880 3835 2964; x_wconf 83' lang='lat' dir='ltr'><strong>commise-</strong></span> 
     </span>
     <span class='ocr_line' id='line_1_18' title="bbox 1043 3019 3842 3131; baseline 0 -34"><span class='ocrx_word' id='word_1_145' title='bbox 1043 3037 1237 3097; x_wconf 85' lang='lat' dir='ltr'><strong>runt</strong></span> <span class='ocrx_word' id='word_1_146' title='bbox 1261 3081 1278 3115; x_wconf 90' lang='lat'><strong>,</strong></span> <span class='ocrx_word' id='word_1_147' title='bbox 1335 3022 1416 3096; x_wconf 92' lang='lat' dir='ltr'><strong>in</strong></span> <span class='ocrx_word' id='word_1_148' title='bbox 1460 3020 1882 3131; x_wconf 86' lang='lat' dir='ltr'><strong>brevique,</strong></span> <span class='ocrx_word' id='word_1_149' title='bbox 1932 3019 2150 3131; x_wconf 90' lang='lat' dir='ltr'><strong>quod</strong></span> <span class='ocrx_word' id='word_1_150' title='bbox 2199 3021 2604 3119; x_wconf 84' lang='lat' dir='ltr'><strong>solebant,</strong></span> <span class='ocrx_word' id='word_1_151' title='bbox 2655 3021 2998 3118; x_wconf 82' lang='lat' dir='ltr'><strong>faciunt,</strong></span> <span class='ocrx_word' id='word_1_152' title='bbox 3054 3023 3323 3100; x_wconf 83' lang='lat' dir='ltr'><strong>hostes</strong></span> <span class='ocrx_word' id='word_1_153' title='bbox 3375 3022 3710 3098; x_wconf 83' lang='lat' dir='ltr'><strong>vincunt</strong></span> <span class='ocrx_word' id='word_1_154' title='bbox 3764 3037 3842 3098; x_wconf 89' lang='lat' dir='ltr'><strong>et</strong></span> 
     </span>
     <span class='ocr_line' id='line_1_19' title="bbox 1040 3156 3839 3266; baseline 0 -33"><span class='ocrx_word' id='word_1_155' title='bbox 1040 3182 1175 3233; x_wconf 86' lang='lat' dir='ltr'><strong>eos</strong></span> <span class='ocrx_word' id='word_1_156' title='bbox 1212 3156 1487 3262; x_wconf 81' lang='lat' dir='ltr'><strong>fugere</strong></span> <span class='ocrx_word' id='word_1_157' title='bbox 1519 3158 2104 3262; x_wconf 87' lang='lat' dir='ltr'><strong>compulerunt,</strong></span> <span class='ocrx_word' id='word_1_158' title='bbox 2149 3161 2613 3266; x_wconf 85' lang='lat' dir='ltr'><strong>quingentis</strong></span> <span class='ocrx_word' id='word_1_159' title='bbox 2649 3186 2747 3234; x_wconf 80' lang='lat' dir='ltr'><strong>ex</strong></span> <span class='ocrx_word' id='word_1_160' title='bbox 2779 3159 2934 3234; x_wconf 90' lang='lat' dir='ltr'><strong>hiis</strong></span> <span class='ocrx_word' id='word_1_161' title='bbox 2965 3160 3270 3236; x_wconf 89' lang='lat' dir='ltr'><strong>occisis.</strong></span> <span class='ocrx_word' id='word_1_162' title='bbox 3308 3157 3653 3237; x_wconf 87' lang='lat' dir='ltr'><strong>Tantam</strong></span> <span class='ocrx_word' id='word_1_163' title='bbox 3681 3157 3839 3236; x_wconf 88' lang='lat' dir='ltr'><strong>cla-</strong></span> 
     </span>
     <span class='ocr_line' id='line_1_20' title="bbox 1044 3289 3838 3403; baseline 0.001 -33"><span class='ocrx_word' id='word_1_164' title='bbox 1044 3290 1226 3370; x_wconf 91' lang='lat' dir='ltr'>dem</span> <span class='ocrx_word' id='word_1_165' title='bbox 1277 3292 1681 3399; x_wconf 88' lang='lat' dir='ltr'><strong>Yprenses</strong></span> <span class='ocrx_word' id='word_1_166' title='bbox 1736 3289 2188 3390; x_wconf 86' lang='lat' dir='ltr'><strong>audientes,</strong></span> <span class='ocrx_word' id='word_1_167' title='bbox 2240 3294 2380 3403; x_wconf 86' lang='lat' dir='ltr'><strong>qui</strong></span> <span class='ocrx_word' id='word_1_168' title='bbox 2424 3293 2850 3371; x_wconf 85' lang='lat' dir='ltr'><strong>viciniores</strong></span> <span class='ocrx_word' id='word_1_169' title='bbox 2899 3312 3162 3389; x_wconf 88' lang='lat' dir='ltr'><strong>erant,</strong></span> <span class='ocrx_word' id='word_1_170' title='bbox 3218 3322 3388 3373; x_wconf 88' lang='lat' dir='ltr'><strong>non</strong></span> <span class='ocrx_word' id='word_1_171' title='bbox 3441 3294 3838 3372; x_wconf 88' lang='lat' dir='ltr'><strong>immerito</strong></span> 
     </span>
     <span class='ocr_line' id='line_1_21' title="bbox 1044 3425 3837 3541; baseline -0 -34"><span class='ocrx_word' id='word_1_172' title='bbox 1044 3430 1303 3508; x_wconf 87' lang='lat' dir='ltr'><strong>territi</strong></span> <span class='ocrx_word' id='word_1_173' title='bbox 1358 3446 1569 3508; x_wconf 87' lang='lat' dir='ltr'><strong>sunt.</strong></span> <span class='ocrx_word' id='word_1_174' title='bbox 1632 3425 1760 3506; x_wconf 89' lang='lat' dir='ltr'><strong>Ad</strong></span> <span class='ocrx_word' id='word_1_175' title='bbox 1820 3456 2021 3541; x_wconf 92' lang='lat' dir='ltr'><strong>quos</strong></span> <span class='ocrx_word' id='word_1_176' title='bbox 2070 3429 2543 3509; x_wconf 89' lang='lat' dir='ltr'><strong>Guillelmus</strong></span> <span class='ocrx_word' id='word_1_177' title='bbox 2592 3428 2809 3508; x_wconf 85' lang='lat' dir='ltr'><strong>Ruffi</strong></span> <span class='ocrx_word' id='word_1_178' title='bbox 2859 3428 3238 3509; x_wconf 81' lang='lat' dir='ltr'><strong>accedens</strong></span> <span class='ocrx_word' id='word_1_179' title='bbox 3262 3491 3280 3527; x_wconf 94' lang='lat'><strong>,</strong></span> <span class='ocrx_word' id='word_1_180' title='bbox 3336 3459 3517 3508; x_wconf 87' lang='lat' dir='ltr'><strong>cum</strong></span> <span class='ocrx_word' id='word_1_181' title='bbox 3572 3458 3837 3536; x_wconf 82' lang='lat' dir='ltr'>regem</span> 
     </span>
     <span class='ocr_line' id='line_1_22' title="bbox 1045 3566 3837 3679; baseline -0.001 -34"><span class='ocrx_word' id='word_1_182' title='bbox 1045 3567 1838 3676; x_wconf 85' lang='lat' dir='ltr'><strong>appropinquantem</strong></span> <span class='ocrx_word' id='word_1_183' title='bbox 1895 3567 2341 3647; x_wconf 90' lang='lat' dir='ltr'><strong>intimasset</strong></span> <span class='ocrx_word' id='word_1_184' title='bbox 2392 3596 2576 3647; x_wconf 89' lang='lat' dir='ltr'><strong>cum</strong></span> <span class='ocrx_word' id='word_1_185' title='bbox 2621 3569 3078 3679; x_wconf 87' lang='lat' dir='ltr'><strong>juramento</strong></span> <span class='ocrx_word' id='word_1_186' title='bbox 3154 3566 3504 3646; x_wconf 89' lang='lat' dir='ltr'><strong>firmasse</strong></span> <span class='ocrx_word' id='word_1_187' title='bbox 3558 3595 3837 3645; x_wconf 89' lang='lat' dir='ltr'><strong>eorum</strong></span> 
     </span>
     <span class='ocr_line' id='line_1_23' title="bbox 1041 3701 3835 3811; baseline -0 -29"><span class='ocrx_word' id='word_1_188' title='bbox 1041 3721 1485 3789; x_wconf 77' lang='lat' dir='ltr'><strong>extremum</strong></span> <span class='ocrx_word' id='word_1_189' title='bbox 1536 3705 2104 3785; x_wconf 83' lang='lat' dir='ltr'><strong>exterminium</strong></span> <span class='ocrx_word' id='word_1_190' title='bbox 2149 3706 2305 3785; x_wconf 87' lang='lat' dir='ltr'><strong>nisi</strong></span> <span class='ocrx_word' id='word_1_191' title='bbox 2362 3707 2521 3785; x_wconf 89' lang='lat' dir='ltr'><strong>cito</strong></span> <span class='ocrx_word' id='word_1_192' title='bbox 2572 3732 2653 3783; x_wconf 90' lang='lat' dir='ltr'><strong>se</strong></span> <span class='ocrx_word' id='word_1_193' title='bbox 2700 3701 3089 3791; x_wconf 86' lang='lat' dir='ltr'><strong>dederent</strong></span> <span class='ocrx_word' id='word_1_194' title='bbox 3122 3708 3178 3804; x_wconf 87' lang='lat'><strong>¹,</strong></span> <span class='ocrx_word' id='word_1_195' title='bbox 3222 3706 3404 3785; x_wconf 89' lang='lat' dir='ltr'><strong>ilico</strong></span> <span class='ocrx_word' id='word_1_196' title='bbox 3448 3706 3533 3783; x_wconf 90' lang='lat' dir='ltr'><strong>in</strong></span> <span class='ocrx_word' id='word_1_197' title='bbox 3577 3705 3835 3811; x_wconf 83' lang='lat' dir='ltr'><strong>portis</strong></span> 
     </span>
     <span class='ocr_line' id='line_1_24' title="bbox 1039 3840 3833 3951; baseline 0.001 -32"><span class='ocrx_word' id='word_1_198' title='bbox 1039 3840 1218 3923; x_wconf 88' lang='lat' dir='ltr'><strong>ville</strong></span> <span class='ocrx_word' id='word_1_199' title='bbox 1251 3860 1676 3950; x_wconf 88' lang='lat' dir='ltr'><strong>apponunt</strong></span> <span class='ocrx_word' id='word_1_200' title='bbox 1710 3842 1990 3924; x_wconf 78' lang='lat' dir='ltr'><strong>vexilla</strong></span> <span class='ocrx_word' id='word_1_201' title='bbox 2017 3842 2292 3927; x_wconf 85' lang='lat' dir='ltr'><strong>liliata.</strong></span> <span class='ocrx_word' id='word_1_202' title='bbox 2330 3840 2749 3945; x_wconf 85' lang='lat' dir='ltr'><strong>Quosdam</strong></span> <span class='ocrx_word' id='word_1_203' title='bbox 2789 3844 3034 3925; x_wconf 89' lang='lat' dir='ltr'><strong>etiam</strong></span> <span class='ocrx_word' id='word_1_204' title='bbox 3069 3842 3482 3951; x_wconf 87' lang='lat' dir='ltr'><strong>religiosos</strong></span> <span class='ocrx_word' id='word_1_205' title='bbox 3520 3840 3833 3923; x_wconf 78' lang='lat' dir='ltr'><strong>direxe-</strong></span> 
     </span>
     <span class='ocr_line' id='line_1_25' title="bbox 1040 3978 3834 4089; baseline -0.002 -26"><span class='ocrx_word' id='word_1_206' title='bbox 1040 3996 1255 4077; x_wconf 84' lang='lat' dir='ltr'><strong>runt,</strong></span> <span class='ocrx_word' id='word_1_207' title='bbox 1292 3980 1433 4089; x_wconf 83' lang='lat' dir='ltr'><strong>qui</strong></span> <span class='ocrx_word' id='word_1_208' title='bbox 1462 3981 1633 4087; x_wconf 84' lang='lat' dir='ltr'><strong>regi</strong></span> <span class='ocrx_word' id='word_1_209' title='bbox 1667 3980 2095 4065; x_wconf 80' lang='lat' dir='ltr'><strong>offerentes</strong></span> <span class='ocrx_word' id='word_1_210' title='bbox 2129 3982 2380 4065; x_wconf 79' lang='lat' dir='ltr'><strong>claves</strong></span> <span class='ocrx_word' id='word_1_211' title='bbox 2414 3980 2592 4063; x_wconf 83' lang='lat' dir='ltr'><strong>ville</strong></span> <span class='ocrx_word' id='word_1_212' title='bbox 2612 4042 2630 4077; x_wconf 86' lang='lat'><strong>,</strong></span> <span class='ocrx_word' id='word_1_213' title='bbox 2676 3980 2835 4063; x_wconf 88' lang='lat' dir='ltr'><strong>sibi</strong></span> <span class='ocrx_word' id='word_1_214' title='bbox 2868 3984 3119 4067; x_wconf 86' lang='lat' dir='ltr'><strong>eciam</strong></span> <span class='ocrx_word' id='word_1_215' title='bbox 3160 4010 3243 4061; x_wconf 90' lang='lat' dir='ltr'><strong>se</strong></span> <span class='ocrx_word' id='word_1_216' title='bbox 3280 3999 3359 4061; x_wconf 90' lang='lat' dir='ltr'><strong>et</strong></span> <span class='ocrx_word' id='word_1_217' title='bbox 3380 4008 3528 4063; x_wconf 85' lang='lat' dir='ltr'><strong>sua</strong></span> <span class='ocrx_word' id='word_1_218' title='bbox 3560 3978 3662 4061; x_wconf 89' lang='lat' dir='ltr'><strong>ad</strong></span> <span class='ocrx_word' id='word_1_219' title='bbox 3696 4008 3834 4059; x_wconf 91' lang='lat' dir='ltr'><strong>sue</strong></span> 
     </span>
     <span class='ocr_line' id='line_1_26' title="bbox 1039 4094 3833 4227; baseline 0.001 -33"><span class='ocrx_word' id='word_1_220' title='bbox 1039 4094 1629 4223; x_wconf 80' lang='lat' dir='ltr'><strong>beneplacitum</strong></span> <span class='ocrx_word' id='word_1_221' title='bbox 1682 4119 2112 4199; x_wconf 86' lang='lat' dir='ltr'><strong>voluntatis</strong></span> <span class='ocrx_word' id='word_1_222' title='bbox 2159 4118 2551 4198; x_wconf 74' lang='lat' dir='ltr'><strong>offerrent</strong></span> <span class='ocrx_word' id='word_1_223' title='bbox 2607 4118 3043 4199; x_wconf 84' lang='lat' dir='ltr'><strong>humiliter.</strong></span> <span class='ocrx_word' id='word_1_224' title='bbox 3100 4120 3263 4221; x_wconf 86' lang='lat' dir='ltr'><strong>Qui</strong></span> <span class='ocrx_word' id='word_1_225' title='bbox 3308 4116 3634 4227; x_wconf 89' lang='lat' dir='ltr'><strong>quidem</strong></span> <span class='ocrx_word' id='word_1_226' title='bbox 3678 4118 3833 4197; x_wconf 87' lang='lat' dir='ltr'><strong>hoc</strong></span> 
     </span>
     <span class='ocr_line' id='line_1_27' title="bbox 1036 4254 3829 4367; baseline 0.001 -35"><span class='ocrx_word' id='word_1_227' title='bbox 1036 4280 1206 4332; x_wconf 88' lang='lat' dir='ltr'><strong>non</strong></span> <span class='ocrx_word' id='word_1_228' title='bbox 1241 4254 1498 4334; x_wconf 89' lang='lat' dir='ltr'><strong>solum</strong></span> <span class='ocrx_word' id='word_1_229' title='bbox 1525 4255 2145 4364; x_wconf 87' lang='lat' dir='ltr'><strong>prudentissime</strong></span> <span class='ocrx_word' id='word_1_230' title='bbox 2173 4274 2683 4367; x_wconf 82' lang='lat' dir='ltr'><strong>peregerunt,</strong></span> <span class='ocrx_word' id='word_1_231' title='bbox 2713 4254 2852 4335; x_wconf 80' lang='lat' dir='ltr'><strong>sed</strong></span> <span class='ocrx_word' id='word_1_232' title='bbox 2886 4255 2990 4336; x_wconf 91' lang='lat' dir='ltr'><strong>ad</strong></span> <span class='ocrx_word' id='word_1_233' title='bbox 3019 4255 3260 4366; x_wconf 86' lang='lat' dir='ltr'><strong>pedes</strong></span> <span class='ocrx_word' id='word_1_234' title='bbox 3293 4259 3555 4367; x_wconf 84' lang='lat' dir='ltr'><strong>regios</strong></span> <span class='ocrx_word' id='word_1_235' title='bbox 3584 4261 3829 4337; x_wconf 88' lang='lat' dir='ltr'><strong>eciam</strong></span> 
     </span>
     <span class='ocr_line' id='line_1_28' title="bbox 1037 4393 3830 4505; baseline 0 -34"><span class='ocrx_word' id='word_1_236' title='bbox 1037 4393 1659 4501; x_wconf 85' lang='lat' dir='ltr'><strong>procumbentes</strong></span> <span class='ocrx_word' id='word_1_237' title='bbox 1685 4457 1702 4491; x_wconf 90' lang='lat'><strong>,</strong></span> <span class='ocrx_word' id='word_1_238' title='bbox 1750 4395 2019 4475; x_wconf 75' lang='lat' dir='ltr'><strong>multis</strong></span> <span class='ocrx_word' id='word_1_239' title='bbox 2066 4424 2156 4476; x_wconf 92' lang='lat' dir='ltr'><strong>ac</strong></span> <span class='ocrx_word' id='word_1_240' title='bbox 2208 4393 2516 4477; x_wconf 73' lang='lat' dir='ltr'><strong>vailidis</strong></span> <span class='ocrx_word' id='word_1_241' title='bbox 2572 4395 2945 4502; x_wconf 90' lang='lat' dir='ltr'><strong>precibus</strong></span> <span class='ocrx_word' id='word_1_242' title='bbox 2998 4397 3155 4476; x_wconf 91' lang='lat' dir='ltr'><strong>reis</strong></span> <span class='ocrx_word' id='word_1_243' title='bbox 3207 4398 3830 4505; x_wconf 88' lang='lat' dir='ltr'><strong>impetraverunt</strong></span> 
     </span>
     <span class='ocr_line' id='line_1_29' title="bbox 1037 4530 3075 4613; baseline 0.004 -5"><span class='ocrx_word' id='word_1_244' title='bbox 1037 4534 1351 4611; x_wconf 83' lang='lat' dir='ltr'><strong>veniam</strong></span> <span class='ocrx_word' id='word_1_245' title='bbox 1394 4530 1493 4612; x_wconf 91' lang='lat' dir='ltr'><strong>de</strong></span> <span class='ocrx_word' id='word_1_246' title='bbox 1534 4535 1998 4613; x_wconf 86' lang='lat' dir='ltr'><strong>commissis.</strong></span> <span class='ocrx_word' id='word_1_247' title='bbox 3066 4546 3075 4551; x_wconf 64' lang='grc'><strong><em>’</em></strong></span> 
     </span>
    </p>
   </div>
   <div class='ocr_carea' id='block_1_3' title="bbox 1110 4831 2653 4911">
    <p class='ocr_par' dir='ltr' id='par_1_4' title="bbox 1110 4831 2653 4911">
     <span class='ocr_line' id='line_1_30' title="bbox 1110 4831 2653 4911; baseline 0.005 -26"><span class='ocrx_word' id='word_1_248' title='bbox 1110 4838 1122 4859; x_wconf 89' lang='grc'><strong>’</strong></span> <span class='ocrx_word' id='word_1_249' title='bbox 1172 4832 1311 4888; x_wconf 82' lang='lat' dir='ltr'><strong>Var.</strong></span> <span class='ocrx_word' id='word_1_250' title='bbox 1345 4858 1358 4886; x_wconf 82' lang='lat'><strong>.-</strong></span> <span class='ocrx_word' id='word_1_251' title='bbox 1401 4838 1465 4888; x_wconf 82' lang='lat' dir='ltr'><strong>n⁰</strong></span> <span class='ocrx_word' id='word_1_252' title='bbox 1500 4831 1662 4909; x_wconf 78' lang='lat'><strong>5960,</strong></span> <span class='ocrx_word' id='word_1_253' title='bbox 1704 4832 1800 4891; x_wconf 82' lang='lat' dir='ltr'><strong>fol.</strong></span> <span class='ocrx_word' id='word_1_254' title='bbox 1849 4837 1915 4911; x_wconf 69' lang='lat'><strong>47</strong></span> <span class='ocrx_word' id='word_1_255' title='bbox 1951 4853 2030 4905; x_wconf 82' lang='lat' dir='ltr'><strong>v.,</strong></span> <span class='ocrx_word' id='word_1_256' title='bbox 2080 4834 2192 4892; x_wconf 83' lang='lat' dir='ltr'><strong>cito</strong></span> <span class='ocrx_word' id='word_1_257' title='bbox 2212 4834 2405 4908; x_wconf 78' lang='lat' dir='ltr'><strong>fidem</strong></span> <span class='ocrx_word' id='word_1_258' title='bbox 2429 4836 2653 4894; x_wconf 69' lang='lat' dir='ltr'><strong>darent.</strong></span> 
     </span>
    </p>
   </div>
  </div>
 </body>
</html>
