4666 6014
43 5688 44 5733 ᾼᾼ
37 5322 50 5675 †.—-—-—————
35 5158 40 5309 fi·—

1204 616 1348 691 724
1649 599 2349 680 GHRONICORUM-
2381 596 2737 680 KAROLI
2786 593 3071 672 SEX‘I'I
3119 591 3294 666 LIB.
3337 591 3521 666 xli.

1205 790 1434 846 soror
1478 759 1686 872 regis
1725 756 2108 853 Navarre‚
2152 781 2332 831 cum
2378 749 2650 830 liberis
2683 766 2764 828 et
2801 745 3234 853 insignium
3274 742 3979 822 mulierumcomi-

1202 902 1357 982 tiva
1433 924 1600 975 non
1665 890 2016 989 modica,
2077 887 2454 968 dilectum
2497 885 2779 964 ducem
2839 880 3312 962 avunculum
3381 901 3561 959 cum
3636 878 3973 986 pacifico

1095 1025 1104 1036 ⁸
1206 1032 1502 1130 osculo,
1534 1029 1884 1137 depenso
1907 1024 2176 1106 debite
2200 1022 2705 1106 salutacionis
2731 1019 3015 1118 affatu,
3038 1015 3609 1124 benignissime
3636 1017 3971 1122 excepit.

1208 1173 1330 1250 De
1357 1168 1604 1249 salute
1634 1191 1951 1276 quoque
1980 1190 2119 1240 sua
2149 1178 2229 1239 et
2260 1186 2584 1239 suorum
2613 1184 2953 1269 querens
2980 1153 3451 1262 diligencius
3480 1153 3688 1231 comi
3711 1151 3979 1232 fronte

1213 1303 1687 1414 significavit
1743 1330 1922 1380 cum
1980 1298 2223 1377 multa
2275 1285 2696 1405 hylaritate
2749 1323 2981 1374 suum
3034 1292 3465 1400 suscepisse
3524 1287 3976 1371 adventum.

1212 1441 1480 1519 Multis
1524 1435 1813 1517 deinde
1845 1435 2128 1515 diebus
2161 1451 2433 1513 mutua
2477 1431 2864 1518 celebrata
2898 1449 3084 1511 sunt
3124 1424 3540 1536 splendida
3581 1428 3979 1524 convivia3

1216 1579 1300 1658 in
1325 1604 1521 1656 auro
1550 1591 1629 1653 et
1660 1573 1988 1682 gemmis
2015 1570 2301 1678 jocalia
2331 1569 2617 1656 collata
2647 1585 2833 1647 sunt
2863 1566 3267 1675 ingencia3
3302 1592 3484 1675 que,
3508 1566 3695 1674 quia
3717 1564 3979 1643 homi-

1216 1739 1408 1794 num
1434 1711 2020 1792 estimacionem
2050 1723 2210 1786 tam
2237 1706 2503 1815 operis
2528 1705 2921 1813 elegancia
2961 1732 3201 1815 quam
3224 1699 3615 1808 dignitate
3655 1704 3981 1782 materie

1212 1850 1529 1958 penitus
1584 1843 2109 1942 excedebant,
2151 1843 2593 1923 aulicorum
2636 1818 2938 1949 judicio
2958 1904 2977 1942 ‚
3030 1841 3163 1924 hic
3223 1837 3642 1938 inserenda
3678 1857 3973 1937 essent,

1214 1986 1370 2066 nisi
1402 1981 1874 2091 compendio
1908 1978 2123 2090 quod
2156 1977 2510 2060 studiose
2537 2008 2786 2088 quero
2821 1977 3197 2062 officeret.

1328 2121 1654 2201 Interim
1714 2117 1903 2198 dum
1953 2118 2067 2197 sic
2115 2118 2521 2225 principes
2572 2145 2736 2200 sese
2781 2118 3077 2195 mutuis
3130 2114 3580 2222 honoribus
3624 2115 3981 2221 preveni-

1217 2275 1397 2338 rent
1415 2318 1434 2356 ,
1459 2255 1623 2336 dux
1651 2256 1949 2336 Biturie
1975 2282 2286 2336 causam
2312 2281 2558 2365 quare
2586 2251 3013 2334 advenerat
3041 2252 3312 2333 volens
3343 2250 3978 2359 magnificencius

1213 2395 1560 2500 aperire,
1603 2393 2071 2471 auctoritate
2126 2393 2342 2499 regia
2396 2389 2740 2469 barones
2800 2391 3058 2498 patrie
3118 2390 3427 2468 nunciis
3488 2405 3569 2468 et
3618 2385 3979 2495 apicibus

1216 2529 1660 2627 accersivit,
1701 2545 1779 2607 et
1823 2528 1906 2608 in
1940 2529 2217 2608 eorum
2259 2529 2662 2638 presencia
2723 2525 3144 2633 prolixiori
3185 2551 3547 2606 sermone
3585 2522 3772 2604 duci
3811 2525 3984 2603 teti-

1215 2668 1334 2773 git
1363 2667 1632 2773 quein
1671 2664 2124 2746 substancia·
2161 2682 2627 2772 sequuntur.
2671 2664 2897 2742 Dixit
2933 2663 3198 2771 primo
3245 2691 3506 2770 regem
3545 2690 3709 2741 non
3754 2690 3987 2773 equa·

1217 2802 1541 2884 nimiter
1581 2802 1747 2907 pati
1794 2798 2015 2910 quod
2055 2816 2460 2879 monetam
2501 2816 2955 2908 argenteam
2998 2800 3166 2879 sine
3208 2799 3672 2880 auctoritate
3717 2826 3855 2878 sua
3895 2798 3984 2876 in

1226 2938 1578 3019 Britania
1611 2933 2090 3035 fabricabat,
2139 2953 2219 3017 et
2254 2937 2632 3048 quociens
2673 2934 3088 3017 fidelitates
3120 2936 3519 3018 manuales
3553 2935 3987 3049 recipiebat

1224 3103 1268 3153 a
1308 3072 1626 3171 vassalis
1645 3135 1664 3171 ,
1706 3071 1894 3153 addi
1925 3073 2243 3153 volebat
2272 3107 2310 3148 α
2337 3090 2612 3152 contra
2641 3101 2938 3167 omneS,
2986 3102 3074 3152 eo
3106 3075 3353 3153 eciam
3382 3102 3541 3153 non
3572 3089 3913 3183 excepto.
3949 3105 3987 3146 >2

1222 3207 1557 3288 Addidit
1595 3228 1674 3289 et
1728 3210 1880 3309 sibi
1932 3208 2386 3318 displicere,
2443 3207 2664 3320 quod
2737 3210 3458 3293 conestabularium
3519 3211 3693 3293 sine
3763 3237 3989 3289 causa

1219 3343 1664 3425 infestando
1700 3344 1996 3455 oppida
2036 3344 2426 3426 Johannis
2466 3344 2566 3425 de
2601 3346 2954 3425 Britania
2997 3346 3290 3454 injuste
3346 3344 3777 3429 detinebat.
3814 3347 3995 3427 Hiis

1219 3481 1591 3560 luculenti
1648 3509 2010 3561 sermone
2068 3484 2497 3589 peroratis,
2544 3484 2859 3561 monuit
2901 3500 2994 3561 ut
3036 3481 3138 3560 ad
3194 3480 3667 3591 placandum
3726 3510 3991 3591 regem

1223 3614 1597 3697 accedens
1624 3620 2172 3719 excusaciones
2202 3619 2591 3726 benignas
2633 3635 3108 3699 annecteret.

1338 3898 1577 4000 Quod
1617 3899 1949 3980 verbum
2002 3904 2088 3980 in
2144 3902 2392 3983 oculis
2433 3902 2978 3981 assistencium
3025 3903 3248 3981 omni
3294 3905 3763 4011 accepcione
3803 3901 3992 4013 dig-

1234 4065 1421 4114 num
1461 4039 1716 4116 visum
1751 4038 1942 4138 ¹fuit3
1979 4037 2118 4118 sed
2148 4036 2233 4117 id
2283 4037 2436 4116 sibi
2475 4055 2666 4117 tunc
2708 4036 3182 4146 persuadere
3222 4040 3447 4149 quasi
3480 4041 3705 4119 asino
3752 4038 3996 4123 surdo

1240 4198 1564 4251 narrare
1596 4172 1949 4256 fabulam
1983 4172 2194 4253 idem
2237 4172 2414 4253 fuit.
2457 4175 2663 4252 Nam
2703 4166 2880 4253 cuni
2933 4202 3171 4283 super
3207 4173 3745 4256 deliberandis
3793 4180 3992 4285 pro-

1237 4306 1741 4388 traherentur
1765 4310 2088 4390 consilia
2107 4372 2127 4406 ,
2161 4313 2637 4420 nequierunt
2667 4310 3008 4390 barones
3038 4340 3175 4395 cor
3212 4312 3380 4420 ejus
3414 4341 3738 4392 saxeum
3759 4314 4001 4393 emol-

1232 4442 1415 4542 lire3
1458 4443 1592 4524 sed
1634 4447 1860 4552 quasi
1901 4447 2144 4554 ipsius
2186 4448 2267 4529 in
2311 4444 2752 4555 precordiis
2795 4446 3032 4526 affixa
3076 4467 3278 4528 esset
3313 4440 3683 4559 perfidia,
3728 4449 4000 4559 Angli-

1229 4587 1552 4677 ‘corum,
1611 4600 1702 4659 ut
1765 4581 2202 4681 ferebatur,
2261 4585 2399 4692 qui
2447 4581 2852 4663 cotidiano
2920 4584 3307 4693 obsequio
3367 4586 3535 4696 ejus
3590 4585 4005 4665 incumbe-

1237 4711 1471 4813 bant,
1533 4744 1724 4799 usus
1779 4718 2111 4798 consilio
2135 4780 2154 4818 ‚
2215 4719 2511 4826 legatos
2562 4748 2763 4829 quos
2825 4720 2995 4828 regi
3051 4716 3612 4803 dilectissimos
3642 4739 4001 4833 ,noverat
