4666 6014
1119 593 1263 665 700
1579 584 2266 666 fflRonORUM
2309 583 2674 666 ΚΛΜ
2724 582 3010 668 SEX'H
3060 583 3236 668 ΠΒ·
3294 582 3429 666 XL

1118 766 1399 818 eorum
1431 736 1904 815 morticiniis
1925 734 2521 843 procedentem.
2557 734 3065 843 Prefixasque
3094 733 3394 812 littoris
3422 749 3671 812 metas
3690 760 3908 814 mare

1116 874 1608 972 transilienS,
1649 900 1884 952 naves
1922 872 2306 983 quasdam
2338 873 2628 956 avlsssis
2660 872 3043 970 anchoris
3072 897 3215 979 per
3243 870 3551 951 miliare
3583 889 3664 951 et
3693 872 3901 951 ultra

1117 1040 1159 1089 a
1203 1011 1552 1106 stacione
1588 1010 1821 1119 ejecit
1841 1070 1860 1107 ,
1903 1009 2091 1088 alias
2123 1038 2268 1118 per
2299 1028 2760 1092 montuosas
2786 1007 3046 1089 undas
3076 1006 3666 1119 horribilesque
3696 1007 3897 1088 fluc-

1119 1163 1392 1225 tuosos
1443 1144 1809 1252 scopulos
1873 1163 2032 1242 tam
2085 1145 2532 1226 vehementi
2594 1166 2674 1228 et
2735 1165 3010 1226 mutua
3062 1141 3472 1226 collisione
3534 1145 3904 1253 impegit,

1119 1280 1337 1395 quod
1406 1312 1537 1363 eas
1610 1280 1966 1362 reddidit
2038 1285 2350 1400 ineptas
2414 1285 2732 1404 penitus
2807 1302 2888 1363 et
2955 1261 3403 1368 confractas
3436 1343 3455 1380 ,
3520 1280 3897 1366 omnibus

1132 1417 1468 1528 perditis
1495 1421 2027 1504 armamentis.
2073 1419 2377 1506 Eodem
2415 1422 2863 1529 impetuoso
2894 1419 3260 1510 discursu
3291 1448 3389 1501 ex
3419 1418 3691 1510 multis
3714 1447 3895 1530 par·

1118 1559 1238 1642 vis
1271 1556 1649 1642 domibus
1688 1585 1870 1648 oum
1907 1557 2502 1650 habitatoribus
2534 1561 2967 1648 submersis
3017 1559 3397 1667 perpauci
3424 1585 3706 1644 earum
3742 1556 3899 1648 faa-

1118 1695 1335 1802 tigiis
1366 1692 1668 1801 alligati
1701 1723 1787 1778 se
1816 1695 2244 1776 salvarunt.
2289 1696 2525 1777 Multi
2556 1699 2802 1778 eciam
2836 1696 3179 1778 infantes
3212 1696 3298 1780 in
3328 1696 3556 1780 cunis
3580 1695 3899 1806 vagien-

1116 1848 1271 1928 tes,
1307 1853 1499 1913 cum
1527 1858 1747 1912 mare
1791 1859 1875 1911 se
1912 1831 2407 1931 retraxisset,
2450 1836 2759 1915 inventi
2787 1851 3015 1932 sunt,
3067 1836 3211 1946 qui
3250 1834 3612 1913 omninum
3650 1831 3896 1914 corda

1119 1968 1607 2046 intuencium
1640 1964 1740 2046 ad
1784 1968 2163 2074 pietatem
2194 1989 2645 2052 moverunt.
2683 1973 3195 2053 Fervenciori
3226 1990 3498 2052 tamen
3528 1973 3850 2052 caritate
3868 2034 3891 2069 ‚

1121 2121 1212 2183 u‘t
1253 2132 1298 2182 a
1332 2103 1605 2184 multis
1635 2102 1795 2184 fide
1828 2102 2097 2215 dignis
2133 2136 2317 2188 vera
2352 2109 2746 2191 relacione
2769 2112 3109 2219 cognovi
3133 2172 3154 2205 ‚
3198 2111 3281 2189 in
3302 2111 3666 2221 partibus
3692 2109 3898 2188 Nor-

1120 2242 1379 2319 manie
1440 2238 1769 2354 quidam
1823 2243 2045 2323 miles
2109 2263 2188 2326 et
2248 2242 2412 2327 duo
2468 2247 2608 2327 alii
2652 2248 3233 2357 opulentissimi
3285 2249 3436 2329 viri
3488 2249 3683 2368 ipsis
3739 2249 3889 2328 mi-

1118 2375 1599 2470 sericordius
1682 2402 2167 2504 aperuerunt
2233 2385 2559 2466 viscera.
2634 2386 2840 2465 Nam
2928 2388 3112 2506 quia
3186 2387 3414 2498 prole
3477 2385 3894 2486 carebant,

1117 2513 1701 2621 adoptaverunt
1750 2519 1838 2604 in
1886 2518 2096 2612 filios
2139 2538 2300 2606 tres
2344 2525 2487 2632 qui
2524 2552 2672 2631 per
2703 2524 3056 2632 graciam
3084 2527 3236 2610 Dei
3264 2542 3675 2616 evaserant
3713 2553 3906 2608 nau·

1115 2651 1485 2759 fragium.
