4666 6014
1145 634 1289 707 684
1603 626 2285 718 CHRONICQRUM
2335 625 2690 700 KAROLI
2740 625 3023 699 SEXTl
3074 625 3250 698 LIB.
3304 625 3441 697 XI.

1145 782 1479 862 divitum
1518 782 1734 889 justo
1777 782 2317 888 importunius
2367 779 2861 887 incipiebant
2912 778 3419 886 frequentare
3439 823 3471 877 ,·
3518 778 3782 860 multis
3833 783 3916 859 in

1143 920 1334 998 locis
1368 893 1924 998 indifferenter
1956 918 2166 1025 capti
2199 935 2389 996 sunt
2410 934 2494 997 et
2521 918 2946 996 teterrimis
2976 916 3421 996 carceribus
3452 919 3877 1025 mancipati
3897 979 3918 1009 ,

1143 1054 1400 1134 donec
1438 1056 1769 1133 sciretur
1809 1055 1948 1162 qui
1987 1053 2498 1132 absolucione
2526 1052 2647 1132 vel
2677 1053 3105 1159 punicione
3144 1050 3371 1158 digni
3402 1071 3685 1132 essent.
3722 1055 3924 1133 Cum

1141 1193 1217 1270 vi
1247 1209 1832 1270 tormentorum
1868 1192 2152 1269 veritas
2180 1190 2285 1269 ab
2310 1191 2422 1269 eis
2451 1206 3056 1299 extorqueretur
3081 1251 3099 1285 ,
3136 1189 3472 1269 confessi
3507 1208 3695 1269 sunt
3721 1192 3787 1269 si
3824 1219 3917 1270 ex

1143 1330 1279 1406 illo
1328 1357 1632 1408 veneno
1683 1357 1779 1407 ex
1828 1327 2148 1435 ungulis
2199 1345 2286 1436 ⁶³¹³.
2317 1354 2567 1405 ¹carne
2618 1328 3038 1405 hominum
3092 1353 3692 1433 suspensorum,
3738 1357 3918 1408 san-

1143 1467 1379 1574 guine
1420 1493 1736 1575 quoque
1771 1463 2091 1543 bufonis
2125 1493 2216 1543 ac
2253 1464 2660 1543 nonnullis
2702 1463 2877 1543 aliis
2920 1461 3351 1542 immundis
3383 1465 3545 1542 sive
3576 1466 3920 1544 immun-

1143 1600 1370 1681 diciis
1411 1601 1773 1681 consecto
1814 1602 1992 1711 quis
2046 1618 2474 1707 gustasset,
2520 1616 2703 1679 ante
2739 1617 3076 1679 mortem
3119 1600 3528 1707 langorem
3568 1629 3922 1681 annuum

1143 1739 1621 1847 pertulisset,
1653 1754 1911 1817 tractu
1942 1766 2261 1848 quoque
2291 1739 2677 1845 temporis
2710 1737 2977 1845 capilli
3011 1736 3535 1835 desiluissent,
3565 1740 3920 1851 cutisque

1143 1876 1243 1956 ad
1285 1895 1577 1957 tactum
1618 1904 1894 1954 manus
1925 1875 2149 1954 avelli
2182 1876 2571 1983 potuisset
2609 1892 2689 1953 et
2717 1904 2761 1952 a
2799 1900 3034 1953 carne
3064 1874 3400 1954 faciliter
3429 1879 3801 1982 separari.

1270 2015 1526 2121 Hujus
1593 2029 1857 2091 tamen
1933 2013 2550 2119 composicionis
2615 2009 2901 2112 fratres
2970 2008 3504 2118 predicatores
3562 2013 3918 2093 Jacobite

1143 2172 1331 2230 tunc
1356 2151 1612 2230 habiti
1643 2166 1830 2228 sunt
1858 2151 2224 2258 suspecti.
2255 2147 2503 2247 Quod
2531 2166 2797 2228 tamen
2830 2176 2979 2255 pro
3011 2165 3421 2255 comperto
3448 2178 3616 2229 non
3646 2151 3911 2231 habui.

1139 2290 1345 2367 Nam
1367 2289 1591 2398 jussu
1624 2287 2086 2367 Parisiensis
2118 2287 2509 2395 prepositi
2549 2283 3003 2365 insontibus
3035 2284 3418 2365 absolutis
3439 2349 3458 2384 ,
3490 2316 3671 2365 cum
3704 2288 3917 2396 prin-

1141 2425 1427 2532 cipales
1467 2422 1871 2519 maleficii,
1926 2422 2211 2501 scelere
2253 2423 2617 2529 cognit0,
2665 2424 2920 2530 capite
2976 2422 3252 2529 plecti,
3302 2439 3391 2502 ut
3429 2442 3911 2521 meruerant,

1139 2561 1653 2668 precepisset,
1725 2577 1805 2638 et
1862 2560 2203 2639 cervices
2257 2557 2522 2636 lictori
2586 2558 3014 2664 preberent
3066 2560 3672 2668 percuciendas,
3730 2561 3915 2641 fassi

1139 2714 1327 2777 sunt
1371 2694 1591 2807 quod
1630 2694 2017 2775 veneficos
2057 2693 2576 2802 ignorabant,
2619 2696 2977 2776 sciebant
3013 2714 3278 2778 tamen
3319 2695 3532 2807 quod
3581 2696 3918 2807 desuper

1140 2833 1502 2912 habitum
1566 2831 1896 2938 longum
1954 2847 2033 2910 et
2083 2832 2445 2938 nigrum,
2512 2831 2793 2912 subtus
2848 2862 3036 2928 vero
3107 2834 3373 2914 album
3427 2852 3513 2914 ut
3570 2835 3917 2943 religiosi

1141 2966 1661 3048 defferebant.

1181 3112 1186 3116 ’
2089 3110 2761 3195 CAPITULUM
2825 3116 2972 3199 Vl.

2190 3322 2279 3381 De
2307 3323 2561 3382 mirabili
2596 3325 2870 3384 tonitruo.

1260 3527 1487 3605 Circa
1515 3525 1868 3609 medium
1893 3528 2130 3634 hujus
2154 3532 2481 3626 mensis,
2518 3556 2701 3637 rege
2722 3530 3026 3609 Karolo
3058 3560 3237 3611 cum
3264 3538 3537 3641 regina
3564 3538 3649 3615 in
3681 3534 3925 3615 domo

1147 3662 1397 3742 sancti
1440 3664 1827 3743 Germani
1872 3667 1958 3743 in
1991 3666 2207 3772 Laya
2248 3667 2403 3743 ocii
2447 3669 2707 3774 gracia
2748 3666 3177 3767 residente,
3218 3671 3415 3751 hora
3456 3701 3610 3781 qua
3657 3701 3924 3754 coram

1147 3829 1329 3907 rege
1362 3805 1777 3881 missarum
1810 3801 2395 3882 celebrarentur
2427 3803 2844 3892 solemnia,
2883 3824 2961 3885 et
2997 3810 3194 3917 regii
3227 3811 3660 3890 consiliarii
3690 3841 3928 3922 super

1147 3937 1617 4017 reiterandis
1699 3938 2201 4045 generalibus
2266 3938 2609 4019 collectis
2672 3943 3212 4025 consultarent
3239 4009 3257 4043 ‚
3329 3974 3550 4028 casus
3620 3950 3926 4030 subitus

1147 4104 1553 4183 emergens
1593 4077 1859 4158 mult-is
1890 4096 2281 4157 terrorem
2311 4078 2663 4157 incussit.
2700 4080 2829 4158 Sic
2862 4098 3170 4191 tempus
3201 4112 3566 4164 serenum
3594 4104 3763 4165 erat
3783 4150 3800 4184 ,
3841 4105 3928 4166 ut

1148 4240 1295 4292 nec
1348 4213 1606 4323 aliqua
1659 4243 1896 4323 parva
1956 4213 2244 4293 nebula
2303 4215 2384 4292 in
2442 4242 2537 4294 eo
2593 4236 3032 4323 appareret.
3088 4218 3243 4299 Sed
3302 4239 3631 4328 repente
3678 4223 3927 4301 celum

1148 4348 1585 4447 obductum
1643 4352 1995 4431 nubibus
2065 4352 2445 4431 obscuras
2497 4351 2822 4433 induxit
2881 4356 3245 4436 tenebras
3309 4386 3545 4466 supra
3602 4356 3925 4438 domum

1149 4489 1445 4594 regiam
1472 4505 1550 4568 et
1574 4488 1779 4568 ultra
1805 4517 1946 4597 per
1977 4489 2388 4591 miliareet
2415 4490 2652 4591 variis
2681 4489 3425 4574 choruscacionibus
3454 4496 3928 4603 interpolata

1147 4621 1317 4702 luce
1377 4623 1894 4722 micantibus,
1957 4627 2216 4733 ruptis
2289 4625 2685 4723 nubibus,
2754 4629 3120 4736 mugiunt
3185 4631 3521 4713 clamosa
3576 4635 3929 4712 tonitrua

1147 4777 1374 4839 tanto
1433 4760 1745 4869 fulgore
1799 4763 2292 4859 intermixta,
2355 4781 2446 4842 ut
2501 4761 2785 4844 domus
2846 4768 3060 4873 regia
3125 4766 3348 4876 quasi
3401 4766 3925 4850 subvertenda
