4666 6014
1102 632 1196 702 [ιθ
1612 590 2317 696 cunoNlcoRUM'
2346 616 2702 691 KAaom
2753 616 3038 691 sEle
3088 620 3264 695 Lm.
3318 623 3377 693 1.

1217 811 1253 849 <c
1308 775 1784 884 Unquamne
1839 770 2337 849 manebimus
2389 770 2473 847 in
2530 770 2803 879 requie
2856 771 3415 879 temporalium
3467 772 3890 879 opulenta?

1103 950 1138 987 <c
1178 937 1635 1024 unquamne
1675 907 2013 986 cessabit
2047 904 2567 985 dominorum
2599 933 3057 1011 excrescens
3090 905 3513 1016 cupiditaS,
3550 936 3706 1019 que
3741 937 3889 988 nos

1103 1085 1141 1124 <c
1183 1050 1482 1130 crebris
1513 1064 1593 1124 et
1624 1042 2005 1124 indebitis
2039 1044 2593 1123 exactionibus
2626 1072 2874 1156 usque
2905 1043 3005 1123 ad
3048 1074 3502 1153 supremam
3536 1048 3891 1127 exinani—

1103 1221 1140 1259 «
1172 1187 1481 1264 cionem
1525 1182 1638 1260 sic
1678 1181 1949 1260 atterit
1989 1183 2503 1278 incessanter,
2544 1197 2670 1277 ut,
2716 1209 2846 1259 ere
2878 1181 3137 1260 alieno
3185 1183 3526 1289 gravati,
3559 1182 3888 1290 singulis

1101 1358 1137 1396 <c
1181 1324 1411 1401 annis
1444 1320 2012 1428 compellamur
2045 1348 2287 1429 supra
2325 1338 2786 1399 nostrarum
2832 1319 3418 1401 obvencionum
3460 1322 3716 1400 vires?
3751 1323 3892 1400 Ec—

1101 1494 1137 1532 «
1179 1458 1374 1570 quid
1409 1459 1720 1538 sentitis
1741 1519 1760 1555 ,
1795 1460 2039 1557 cives,
2075 1459 2162 1536 iu
2192 1476 2498 1568 quanto
2531 1474 2997 1565 contemptu
3028 1458 3359 1536 vivatis?
3395 1459 3633 1538 Lucis
3666 1458 3892 1538 vobis

1102 1632 1137 1669 «
1174 1597 1412 1705 hujus
1446 1614 1793 1703 partem,
1830 1595 2111 1703 procul
2153 1593 2439 1693 dubio,
2481 1597 2548 1701 si
2581 1595 2887 1693 liceret,
2939 1593 3409 1673 adimerent.
3452 1593 3696 1694 Quod
3735 1597 3896 1703 spi-

1102 1768 1137 1805 «
1174 1735 1401 1831 ratiS,
1446 1731 1665 1845 quod
1706 1761 1980 1812 vocem
2010 1735 2330 1812 mittitis
2353 1796 2370 1824 ‚
2414 1730 2636 1844 quod
2663 1732 2963 1811 formas
2989 1732 3409 1811 hominum
3437 1733 3783 1830 habetis,
3815 1749 3897 1811 et

1103 1904 1139 1943 «
1174 1868 1395 1981 quod
1421 1871 1505 1948 in
1530 1870 1723 1949 locis
1746 1869 2090 1978 publicis
2117 1900 2298 1949 cum
2319 1872 2433 1949 eis
2456 1870 2905 1951 consistatis
2931 1867 3481 1976 indignantur,
3504 1866 3889 1949 dicentes:

1103 2040 1140 2079 <c
1176 2006 1339 2085 Cur
1379 2006 1629 2084 celum
1685 2007 1920 2085 terris
1970 2007 2405 2086 misceant?
2453 2005 2658 2085 Sane
2712 2006 2827 2086 nil
2877 2004 3216 2119 amplius
3256 2022 3521 2083 mente
3567 2025 3890 2113 gerunt,

1105 2177 1141 2215 <c
1174 2143 1465 2254 quibus
1507 2142 1981 2253 obsequium
2013 2140 2202 2253 jussi
2246 2140 2783 2251 impendimus
2802 2204 2821 2240 ,
2859 2170 3007 2250 pro
3049 2169 3395 2252 quorum
3422 2141 3669 2221 salute
3698 2143 3896 2222 invi-

1104 2317 1140 2357 «
1181 2283 1513 2392 gilamus
1582 2284 1998 2380 continue,
2065 2278 2360 2393 quibus
2411 2260 2914 2361 substancias·
2967 2299 3281 2359 nostras
3353 2271 3890 2390 impertimur,

1103 2455 1140 2494 <c
1173 2423 1331 2501 nisi
1359 2438 1452 2500 ut
1479 2449 1675 2500 auro
1710 2422 2198 2532 gemmisque
2232 2417 2743 2527 splendeant,
2776 2418 3021 2525 longo
3056 2419 3580 2511 serviencium
3610 2418 3897 2500 ordine

1104 2593 1142 2635 α
1176 2557 1768 2638 circumdentur
1790 2620 1808 2655 ,
1861 2557 2160 2672 palacia
2224 2559 2311 2636 in
2356 2557 2750 2637 excelsum
2785 2558 3137 2663 erigant,
3195 2573 3274 2634 et
3314 2556 3520 2636 hanc
3559 2574 3896 2636 matrem

1106 2731 1143 2769 ε(
1174 2696 1503 2776 urbium
1530 2694 1980 2775 adinventis
2004 2696 2522 2803 vectigalibus
2555 2695 2868 2774 valeant
2901 2723 3261 2774 onerare.
3298 2695 3626 2775 Diucius
3654 2723 3896 2806 quam

1106 2868 1142 2905 α
1178 2832 1491 2913 deceret
1512 2831 1596 2911 id
1626 2834 1923 2912 malum
1954 2835 2463 2913 exactionum
2493 2833 2894 2939 paciencia
2927 2832 3184 2940 plebis
3226 2832 3641 2929 sustinuit3
3673 2828 3896 2943 quod
3935 2882 3941 2887 -

1107 3004 1143 3044 <c
1180 2971 1694 3080 importabile
1723 2971 2005 3081 jug-um
2033 2971 2187 3049 nisi
2220 2998 2412 3049 mox
2438 2971 2918 3066 excuciatur,
2956 2986 3208 3048 totam
3235 2969 3519 3049 urbem
3551 2972 3896 3050 concita-

1106 3143 1142 3180 <c
1176 3124 1435 3187 turam
1481 3106 1583 3187 ad
1638 3138 1856 3187 arma
1900 3103 2232 3215 dignum
2282 3085 2499 3187 ’duco
2520 3170 2539 3203 ,
2612 3135 2793 3187 cum
2840 3136 3116 3187 omnes
3186 3104 3572 3187 deberent
3618 3109 3894 3218 pocius

1107 3279 1142 3318 «
1176 3264 1519 3324 mortem
1565 3263 1843 3354 optare
1883 3274 2120 3353 quam
2167 3263 2479 3324 tantum
2523 3242 2864 3326 dedecus
2913 3247 3105 3351 pati.
3150 3279 3187 3330 2>

1218 3384 1505 3461 Finitis
1545 3380 2182 3461 insolentissimis
2220 3385 2525 3482 verbiS,
2562 3412 2752 3462 mox
2786 3400 3231 3492 tercentum
3269 3400 3349 3461 et
3386 3411 3481 3462 eo
3514 3383 3891 3491 amplius,

1104 3518 1256 3627 ipsi
1287 3520 1802 3598 concionanti
1847 3518 2174 3616 simileS,
2209 3521 2351 3630 qui
2382 3549 2528 3600 nec
2554 3521 2717 3628 regi
2756 3538 3147 3599 noverant
3181 3517 3468 3600 ordine
3511 3521 3892 3618 racionis,

1102 3684 1292 3734 mox
1336 3656 1633 3735 strictis
1678 3655 2200 3735 mucronibus
2220 3717 2239 3753 ,
2294 3675 2824 3737 memoratum
2866 3657 3365 3766 prepositum
3405 3654 3811 3735 nolentem
3837 3658 3892 3753 ¹,

1103 3792 1620 3871 reluctantem
1674 3811 1753 3872 et
1809 3821 1891 3871 se
1931 3793 2201 3873 multis
2247 3793 2533 3874 mediis
2582 3813 3124 3894 excusantem,
3170 3797 3255 3874 in
3310 3795 3705 3873 Palacium
3763 3792 3899 3872 ad-

1105 3927 1508 4010 duxerunt
1527 3990 1545 4027 ,
1574 3927 1857 4009 ducem
1877 3929 2525 4039 Andegavensem
2550 3933 3057 4013 tumultuosis
3081 3933 3410 4012 vocibus
3433 3932 3894 4012 exorantes²

1103 4082 1191 4143 ut
1249 4067 1770 4176 querimoniis
1825 4067 2081 4174 plebis
2136 4098 2362 4148 aures
2415 4068 3053 4150 accommodaret
3109 4071 3520 4175 benignas,
3565 4064 3692 4144 Ad
3740 4066 3895 4145 hoc

1102 4204 1308 4309 regis
1367 4199 1629 4280 edicto
1687 4206 2094 4303 astrictuS,
2159 4234 2426 4286 secum
2477 4208 3031 4288 cancellarium
3089 4197 3425 4284 Francie
3471 4202 3892 4284 dominum

1105 4340 1481 4419 Milonem
1553 4337 1652 4418 de
1712 4341 2139 4421 Dormanis
2166 4404 2187 4441 ‚
2256 4345 2723 4454 episcopum
2787 4344 3336 4422 Belvacensem
3368 4403 3387 4440 ,
3456 4369 3691 4452 quem
3753 4370 3888 4421 rex

1103 4478 1445 4557 Karolus
1506 4478 2057 4559 cancellarium
2117 4481 2411 4560 fecerat
2445 4544 2463 4579 ,
2528 4486 2791 4561 virum
2856 4483 3132 4593 utique
3206 4509 3375 4559 non
3433 4479 3890 4590 eloquencia

1103 4611 1386 4710 mod0,
1430 4611 1569 4692 sed
1608 4616 1944 4693 sciencia
1990 4634 2069 4693 et
2103 4612 2260 4694 fide
2297 4619 2861 4729 conspicuum,
2903 4614 3283 4714 adduxit3
3324 4635 3405 4696 et
3433 4645 3612 4696 cum
3654 4616 3893 4695 ambo

1179 4848 1190 4870 ¹
1241 4838 1374 4892 Var.
1403 4862 1417 4889 .-
1449 4845 1508 4892 η·
1532 4834 1698 4910 5960,
1725 4835 1823 4890 fol.
1845 4832 1916 4889 55
1934 4853 2007 4903 r.,
2038 4839 2384 4893 renitentem.
2533 4847 2552 4870 '
2596 4843 2734 4898 γαν.
2760 4864 2776 4894 t
2797 4851 2860 4897 αθ
2882 4839 3052 4915 5960,
3079 4838 3177 4894 fol.
3205 4835 3276 4894 33
3302 4858 3372 4907 r.,
3400 4836 3784 4893 exhortantes.
