4666 6014
1078 723 1219 793 258
1553 710 2240 785 CHRONICORUM
2292 707 2651 782 KAROLI
2702 707 2986 780 SEXTI
3036 708 3214 780 LIB.
3271 707 3399 780 IV.

1080 865 1597 945 cunctacione
1628 860 2070 956 vilesceret,
2104 887 2202 939 ex
2245 859 2518 938 electis
2565 857 3152 966 pugnatoribus
3194 857 3421 965 regni
3469 858 3592 936 sui
3639 860 3897 938 octin-

1083 1019 1364 1109 gentos
1409 997 1699 1076 milites
1729 1014 1808 1076 et
1841 997 2280 1104 armigeros
2310 990 2860 1104 congregavit,
2908 1021 3113 1105 quos
3159 995 3756 1103 sagittariorum
3810 1014 3888 1075 et

1086 1137 1640 1247 gregariorum
1680 1150 1960 1243 sequta
2011 1149 2132 1212 est
2181 1134 2299 1213 vis
2348 1133 2761 1213 immensa.
2800 1132 2844 1210 J
2848 1159 3137 1233 avenes
3178 1149 3388 1212 etate
3426 1127 3689 1241 prima
3736 1132 3887 1212 flo-

1083 1291 1348 1352 rentes
1401 1271 1735 1351 electum
1788 1271 2227 1349 exercitum
2265 1299 2435 1350 non
2475 1288 3000 1379 susceperunt
3046 1267 3704 1368 conducendum,
3750 1270 3885 1351 sed

1084 1408 1375 1488 milites
1403 1409 1691 1487 merito
1727 1404 2247 1505 nominandi,
2292 1404 2607 1486 domini
2652 1406 2951 1487 scilicet
3003 1406 3395 1505 Thomas,
3430 1407 3639 1489 filius
3680 1412 3890 1516 regis

1084 1544 1484 1644 Eduardi,
1553 1547 1790 1653 Hugo
1871 1543 2260 1641 Carvalle,
2327 1544 2779 1643 Cressoual,
2844 1545 3244 1625 Robertus
3313 1545 3678 1642 Canolle,
3741 1546 3891 1624 viri

1087 1677 1428 1764 illustres
1475 1711 1803 1792 genere,
1848 1711 2262 1763 armorum
2306 1684 2810 1792 experiencia
2857 1682 3203 1793 preclari
3244 1701 3325 1761 et
3361 1681 3607 1790 longo
3651 1681 3895 1761 bello-

1088 1849 1269 1900 rum
1321 1848 1468 1899 usu
1496 1818 2060 1929 precellentes.

1201 1957 1368 2058 Qui
1411 1985 1603 2037 mox
1649 1954 1912 2036 edicto
1945 1957 2170 2066 regio
2195 1957 2928 2066 parentes-classem
2959 1960 3281 2038 navium
3316 1974 3891 2036 contraxerunt

1086 2093 1189 2174 ad
1230 2114 1559 2205 portum
1591 2097 2202 2192 Dovoriensem,
2243 2093 2384 2175 sed
2434 2097 2644 2202 ipsas
2688 2125 2857 2176 non
2902 2092 3436 2186 ascenderunt
3484 2094 3593 2173 ob
3639 2095 3887 2202 impe-

1090 2230 1538 2312 dimentum
1575 2231 1796 2345 quod
1843 2234 2243 2345 sequitur,
2296 2233 2488 2318 alias
2532 2233 2683 2312 tali.
2725 2254 3089 2342 tempore
3136 2260 3548 2344 nunquam
3590 2232 3848 2309 visum
3869 2293 3886 2324 ‚

1089 2372 1411 2480 scriptis
1452 2369 1637 2452 ideo
1678 2370 2428 2452 commendendum.
2491 2372 2700 2451 Sane
2733 2389 3017 2452 exorta
3072 2388 3494 2477 tempestas
3547 2367 3892 2450 obduxit

1086 2537 1348 2587 aerem
1388 2509 1815 2590 tenebrosa
1847 2509 2211 2617 calligine
2236 2572 2253 2606 ,
2288 2527 2367 2588 et
2390 2509 2845 2589 contrariis
2890 2508 3151 2590 ventis
3194 2505 3659 2586 afflantibus
3706 2534 3858 2585 con

981 2694 994 2702 ·
1088 2646 1308 2724 citati
1341 2642 1627 2724 fluctus
1678 2646 2027 2724 excelsos
2085 2644 2478 2724 tolluntur
2529 2649 2614 2725 in
2665 2663 3005 2724 montes.
3052 2644 3290 2723 Nunc
3338 2641 3742 2721 undarum
3774 2645 3893 2720 in-

1089 2780 1567 2863 flacionibus
1635 2810 1872 2860 naves
1937 2810 1983 2860 a
2046 2780 2455 2861 littoribus
2530 2781 2801 2860 avulse
2873 2799 2955 2860 et
3015 2763 3309 2859 elevate
3383 2806 3525 2888 per
3606 2778 3891 2858 fluctus

1089 2935 1514 2996 montuosa
1577 2935 1864 3027 petunt
1929 2920 2341 2998 cacumina
2409 2917 2936 3027 procellarum
2957 2979 2976 3016 ,
3052 2919 3361 3028 sicque,
3420 2945 3569 2995 nec
3620 2943 3846 2995 mora
3870 2978 3888 3012 ,

1087 3054 1576 3162 franguntur
1642 3056 2007 3153 arbores,
2057 3056 2507 3136 lacerantur
2557 3056 2760 3154 vela,
2812 3073 3301 3165 rumpuntur
3365 3055 3597 3135 funes
3618 3117 3639 3152 ,
3698 3072 3893 3133 ster-

1088 3208 1397 3272 nuntur
1447 3180 1830 3291 antenne,
1864 3212 1945 3273 et
1982 3196 2256 3275 omnia
2284 3196 2613 3275 navium
2652 3193 3095 3304 depereunt
3123 3209 3652 3289 armamenta3
3694 3191 3894 3270 fere-
4028 3228 4035 3235 ·

1088 3354 1244 3438 que
1281 3356 1428 3435 per
1465 3356 1818 3410 mensem
1879 3346 2347 3439 tempestate
2401 3329 2779 3430 durante,
2837 3334 3065 3445 quasi
3126 3330 3230 3413 ad
3288 3329 3629 3441 prelium
3684 3330 3893 3437 aspi·-

1087 3483 1354 3545 rantes
1395 3462 1765 3547 Oceanus
1795 3472 1820 3512 ¹
1854 3466 2260 3549 videretur
2301 3471 2722 3580 castigare,
2754 3499 2994 3551 naves
3029 3468 3287 3551 dictas
3340 3486 3617 3549 mutua
3669 3464 3889 3545 colli-

1086 3603 1313 3723 sione
1346 3605 1668 3686 inutiles
1716 3605 2076 3687 reddidit
2118 3627 2199 3688 et
2229 3604 2722 3689 confractas:
2761 3607 2983 3690 unde
3031 3608 3261 3688 multi
3300 3603 3885 3711 circumspecti,

1090 3744 1633 3850 presagientes
1659 3743 1930 3825 fiatura
1951 3809 1970 3845 ,
2022 3748 2231 3827 hanc
2275 3745 2882 3857 expedicionem
2914 3747 3341 3827 infaustam
3380 3740 3885 3854 judicabant,

1089 3899 1525 3962 asserentes
1556 3883 1778 3994 quod
1831 3885 2112 3995 procul
2169 3883 2422 3965 dubio
2469 3903 2754 3964 contra
2794 3913 2930 3967 eos
2977 3885 3228 3964 eciam
3273 3881 3888 3991 conjuraverant

1091 4015 1519 4118 elementa,
1552 4039 1632 4100 et
1660 4021 1881 4135 quod
1916 4027 2116 4104 irata
2147 4016 2585 4111 Divinitate
2612 4026 3041 4133 negocium
3064 4020 3591 4102 inchoabant.

1203 4157 1312 4235 Ut
1337 4158 1679 4240 sciretur
1699 4160 1898 4273 quid
1923 4160 2533 4271 indeagendum
2568 4181 2807 4261 asset,
2849 4190 3057 4242 nova
3092 4162 3479 4239 ineuntur
3514 4154 3881 4247 consilia3

1090 4296 1177 4393 in
1229 4294 1530 4407 quibus
1562 4300 1798 4379 variis
1848 4301 2068 4381 varie
2110 4301 2690 4399 sencientibus,
2745 4294 3073 4380 tandem
3118 4313 3336 4376 metu
3390 4293 3881 4403 postposito,

1088 4432 1422 4515 aliunde
1464 4410 1865 4545 navigium
1916 4439 2443 4550 college-tunm
2496 4456 2575 4520 et
2600 4501 2619 4536 ‚
2671 4412 2853 4518 cum
2907 4440 3269 4545 spirante
3296 4433 3624 4515 favonio
3669 4454 3885 4506 mare

1086 4575 1300 4682 cepit
1351 4602 1440 4653 se
1477 4571 1829 4659 ‘reddere
1887 4577 2351 4685 placabilius
2409 4581 2468 4677 ¹³,
2520 4577 2791 4687 hostes
2847 4573 3231 4656 deserunt
3270 4571 3545 4650 littora
3564 4630 3583 4665 ,
3615 4583 3695 4644 et
3731 4560 3885 4641 sul-

1086 4728 1351 4789 cantes
1390 4739 1607 4790 mare
1660 4715 1918 4794 ventis
1974 4712 2437 4795 afflantibus
2499 4716 2945 4826 prosperis,
3006 4712 3376 4823 proxime
3428 4705 3623 4785 lucis
3682 4702 3883 4778 hora

1162 4926 1175 4947 ¹
1225 4916 1364 4970 Var.
1394 4928 1454 4972 n⁶
1475 4916 1644 4993 5960,
1673 4918 1768 4972 fol.
1797 4916 1872 4974 53*
1894 4939 1964 4988 r.,
1996 4940 2165 4977 mare.
2524 4935 2541 4955 ²
2588 4923 2726 4978 Var.
2761 4947 2774 4975 .-
2804 4937 2874 4977 11⁰·
2899 4920 3061 4995 5960,
3092 4920 3189 4976 fol.
3216 4916 3288 4974 53
3316 4935 3386 4985 r.,
3399 4909 3808 4987 ΙῙῖινοινιῦἰίἱιις.
