4666 6014
1104 643 1199 713 60
1564 628 2304 710 '.cHRoNlcoRUM
2357 634 2714 711 KAROLI
2764 634 3051 710 SEXTI
3101 637 3277 711 LIB.
3332 632 3391 708 Ι.

1105 787 1766 869 excusacionibus
1808 785 2103 892 pluries
2133 785 2603 866 confiitavit.
2643 784 2801 867 Sed
2830 784 3158 867 tandem
3183 804 3544 866 metuens
3585 812 3685 864 ne
3721 783 3911 864 inde

1105 926 1260 1005 sibi
1313 923 1661 1006 deterius
1704 922 2212 1031 contingeret
2235 985 2254 1022 ,
2306 941 2389 1003 et
2426 926 2826 1006 transiens
2873 926 2958 1005 in
3000 925 3487 1004 sentenciam
3532 922 3869 1003 aliorum
3889 986 3907 1020 ,

1105 1062 1255 1142 hos
1303 1062 1602 1169 legatos
1644 1060 1996 1140 instituit
2035 1079 2114 1139 et
2158 1063 2498 1142 nuncios
2540 1063 2941 1172 speciales,

1223 1250 1387 1348 Qui
1427 1246 1530 1327 ad
1573 1248 1877 1356 regiam
1916 1244 2380 1329 accedentes
2413 1250 2910 1359 majestatem
2953 1251 3009 1347 ¹,
3065 1275 3332 1356 regem
3370 1264 3451 1328 et
3481 1249 3915 1329 avunculos

1112 1388 1362 1494 ipsius
1409 1384 1680 1467 multis
1734 1386 1999 1465 verbis
2040 1385 2483 1467 humilibus
2518 1417 2609 1467 ac
2637 1384 2948 1468 vallidis
2979 1385 3351 1495 precibus
3385 1383 3917 1485 demulcentes

1112 1543 1201 1603 ut
1243 1503 1558 1603 veniam
1613 1540 2043 1635 quererent
2086 1521 2271 1603 duci
2331 1553 2477 1605 suo
2501 1588 2519 1623 ,
2571 1527 2834 1634 ipsum
2878 1523 3070 1604 velle
3104 1518 3444 1615 fideliter
3475 1521 3806 1604 obedire
3836 1542 3916 1602 et

1114 1660 1215 1740 ad
1256 1661 1464 1741 bene
1504 1661 1885 1769 placitum
1933 1662 2142 1769 regis
2184 1660 2698 1742 condiciones
2738 1678 3120 1741 tractatus
3180 1661 3450 1771 quales
3496 1661 3759 1760 vellet,
3813 1659 3916 1740 ad

1115 1798 1717 1907 ambiguitatem
1778 1796 2411 1878 submovendam
2436 1860 2456 1897 ,
2522 1801 2876 1908 recipere
2934 1799 3423 1878 unanimiter
3486 1798 3915 1879 affirmant.

1118 1936 1371 2043 Super
1433 1936 1590 2015 hiis
1655 1937 2036 2016 ineuntur
2095 1936 2532 2046 colloquia3
2606 1934 2746 2015 sed
2829 1934 3029 2015 duce
3088 1933 3552 2043 Burgundie
3607 1937 3921 2016 favente

1121 2102 1435 2153 causam
1470 2071 1696 2154 ducis
1717 2136 1735 2172 ,
1778 2074 1966 2185 quia
1998 2072 2168 2184 ejus
2211 2092 2642 2182 cognatam
2681 2071 3021 2154 duxerat
3047 2073 3132 2151 in
3165 2100 3502 2151 uxorem
3533 2074 3562 2117 ²
3585 2135 3605 2172 ,
3643 2075 3920 2154 ceteris

1120 2241 1308 2291 vero
1369 2213 1569 2292 male
1629 2213 1920 2292 merito
1985 2210 2294 2322 placere
2356 2211 2819 2293 nolentibus
2844 2274 2863 2311 ,
2920 2238 3103 2291 cum
3171 2208 3552 2318 pollicitis
3626 2211 3923 2293 nullam

1121 2346 1364 2428 fidem
1395 2349 1693 2431 habere
1724 2351 2212 2431 incessanter
2253 2346 2658 2448 dicerent,
2699 2379 2798 2429 ex
2839 2366 3032 2431 tunc
3074 2380 3201 2432 res
3240 2353 3324 2431 in
3364 2351 3697 2459 longum
3728 2351 3920 2447 ibat,

1122 2505 1200 2566 et
1245 2489 1329 2566 in
1374 2488 1696 2568 irritum
1749 2486 2204 2584 desinebat,
2247 2488 2406 2565 nisi
2445 2484 2758 2565 domini
2813 2483 3039 2567 ducis
3091 2486 3680 2597 Andegavensis
3732 2506 3922 2569 tunc

1124 2626 1472 2732 regentis
1513 2621 1960 2733 prudencia
2002 2621 2359 2702 medium
2408 2624 2854 2731 reperisset.
2903 2625 3321 2705 Consensu
3368 2653 3712 2737 namque
3752 2654 3921 2705 om·

1126 2764 1345 2841 nium
1367 2824 1386 2861 ‚
1428 2761 1705 2871 legatis
1751 2759 2314 2840 diem-certum
2364 2761 2896 2859 constituens,
2961 2762 3157 2869 ipsis
3209 2764 3545 2841 comiter
3590 2765 3928 2872 receptis

1126 2917 1206 2979 et
1258 2897 1673 3010 dapsiliter
1712 2900 2062 2996 refectiS,
2110 2896 2210 2978 de
2250 2899 2642 3011 nequiciis
2676 2895 2905 2977 ducis
2951 2898 3288 3007 longum
3328 2901 3585 2981 texuit
3623 2929 3926 2980 sermo-

1129 3069 1353 3136 nem3
1387 3037 1491 3117 ad
1524 3057 2017 3149 postremum
2052 3055 2319 3116 tamen
2352 3038 2623 3116 omnia
2666 3066 2806 3116 rex
2840 3038 2994 3117 sibi
3027 3039 3421 3119 remisisse
3453 3036 3694 3138 dixit,
3727 3042 3797 3119 si
3827 3039 3932 3119 ad

1129 3175 1684 3257 obedienciam
1713 3178 1981 3258 veniat
2013 3194 2093 3258 et
2126 3174 2590 3255 fidelitatem
2629 3177 3091 3284 promittat,
3134 3174 3324 3255 dum
3367 3194 3634 3255 tamen
3677 3175 3931 3257 fideli-

1130 3317 1317 3395 tatis
1381 3314 1766 3396 servande
1815 3317 1928 3395 sic
1990 3312 2495 3424 fidejussores
2552 3315 3019 3413 existerent,
3060 3313 3282 3425 quod
3337 3316 3444 3413 si,
3511 3316 3935 3426 iniquitate

1133 3456 1409 3533 innata
1453 3451 1876 3551 suadente,
1910 3452 2120 3531 hanc
2153 3449 2530 3560 deinceps
2557 3451 2924 3554 violaret,
2967 3452 3560 3561 suspicionibus
3593 3469 3674 3532 et
3704 3453 3936 3563 culpa

1132 3594 1360 3672 noxii
1421 3609 1965 3689 remanerent,
2022 3588 2281 3669 donec
2331 3587 2434 3669 ad
2484 3588 3039 3671 obedienciam
3074 3591 3381 3673 viribus
3424 3590 3939 3673 reduceretur

1116 3757 1277 3837 -per
1305 3726 1651 3808 eosdem.
1687 3727 2055 3806 Difficilis
2080 3725 2504 3806 videbatur
2533 3745 2916 3809 tractatus
2936 3729 3304 3810 condicio
3327 3794 3344 3829 ,
3372 3759 3617 3843 quam
3641 3746 3936 3824 tamen,

1135 3867 1341 3948 sicut
1402 3865 1662 3945 solent
1701 3868 1844 3978 qui
1878 3866 2067 3976 ,plus
2119 3885 2460 3975 possunt
2510 3884 2590 3945 et
2636 3868 2942 3979 majora
3006 3897 3464 3978 presumere
3486 3930 3504 3966 ,
3572 3883 3943 3946 annuunt

1134 4004 1685 4088 libentissime.

1252 4138 1488 4220 Unde
1518 4169 1660 4221 rex
1698 4142 2182 4223 exhilaratus
2211 4143 2548 4254 gaudio,
2584 4173 2720 4224 eos
2759 4143 3219 4253 ingentibus
3252 4159 3732 4254 prosequtus
3765 4170 3945 4251 pre-

1138 4280 1361 4376 ruiis,
1423 4281 1727 4359 remisit
1778 4279 1878 4361 ad
1935 4279 2348 4382 ducatum3
2415 4284 2556 4395 qui
2614 4280 2979 4393 quidem,
3032 4309 3301 4360 mense
3357 4279 3767 4360 februario
3820 4307 3941 4358 se-

1141 4435 1435 4527 quente
1455 4479 1474 4515 ,
1507 4446 1776 4498 coram
1813 4417 2009 4500 duce
2042 4438 2123 4500 et
2154 4421 2565 4503 nobilibus
2595 4421 2853 4530 patrie
2890 4420 3187 4525 scripta
3214 4415 3581 4527 legerunt
3613 4416 3939 4526 regalia,

1143 4571 1491 4665 tuncque
1534 4555 2051 4638 condiciones
2100 4560 2526 4639 observare
2564 4555 3134 4637 inviolabiliter
3171 4558 3679 4669 juraverunt,
3723 4552 3943 4666 quod

1217 4754 1230 4777 ¹
1257 4749 1635 4825 Majestatem,
1657 4754 1956 4825 emptum&
1970 4771 2042 4810 au
2060 4768 2125 4809 n⁰
2139 4752 2303 4830 5960,
2320 4754 2417 4811 fol.
2438 4751 2508 4822 34
2654 4758 2674 4782 ²
2716 4754 2859 4809 Var.
2879 4777 2899 4808 e
2938 4762 3001 4808 n⁰
3027 4749 3205 4828 5960.
3230 4752 3329 4810 fol.
3350 4751 3420 4820 34
3445 4771 3517 4823 v.,
3545 4752 3666 4825 ejus
3697 4751 3948 4806 duxerat

1142 4850 1218 4901 t,
1248 4851 1486 4909 manque
1506 4835 1642 4891 dans
1675 4836 1728 4892 le
1754 4850 1816 4891 ιιο
1838 4835 2009 4911 5958.
2578 4841 2971 4898 consobrinam
2999 4839 3060 4896 iu
3089 4856 3352 4895 uxorem.
