4666 6014
1115 659 1261 731 614
1589 635 2271 726 CHRONICORUM
2322 650 2679 725 KAROLl
2728 651 3013 726 SEXTI
3064 654 3241 726 Lm.
3296 652 3395 726 X.

1112 804 1601 885 vestimentis
1638 802 1936 912 rubino
1979 802 2249 884 colore
2276 800 2886 912 splendentibm
2901 864 2921 904 ,
2962 801 3330 884 videlicet
3367 806 3638 884 tunica
3661 866 3680 904 ,
3723 801 3896 885 dal-

1113 943 1399 1040 matica
1474 958 1556 1021 et
1613 939 1945 1021 clamide
2022 941 2458 1052 imperiali,
2538 969 2734 1021 auro
2814 958 2895 1021 et
2966 943 3296 1050 gemmis
3358 944 3895 1053 comptissime

1115 1080 1576 1179 fimbriatis,
1637 1077 2106 1187 dyademate
2166 1079 2389 1188 regio
2448 1080 2696 1159 eciam
2766 1079 3230 1190 insignitus,
3274 1079 3655 1192 capellam
3698 1081 3894 1190 regii

1112 1199 1395 1325 palacii
1451 1217 1852 1316 introivit,
1910 1233 2002 1297 ut
2049 1217 2410 1296 misterio
2456 1217 3015 1296 coronacionis
3067 1245 3394 1326 presens
3448 1236 3673 1298 esset.
3730 1215 3897 1296 Nec

1117 1355 1258 1435 diu
1316 1371 1714 1464 pertracta
1770 1382 2033 1451 mora,
2099 1356 2378 1461 regina
2439 1353 2927 1433 vestimentis
2992 1352 3384 1435 similibus
3451 1355 3657 1435 sicut
3717 1383 3893 1453 rex,

1004 1569 1011 1576 .
1116 1493 1478 1598 crinibus
1540 1490 1946 1588 resolutis,
2016 1488 2364 1569 adducta
2432 1506 2587 1587 est3
2653 1516 2810 1601 que
2882 1518 3062 1570 cum
3087 1562 3094 1569 .
3119 1507 3303 1570 ante
3360 1491 3604 1571 altare
3671 1491 3894 1572 flexis

1116 1629 1455 1737 genibus
1501 1645 1833 1726 orasset,
1889 1644 1968 1705 et
2018 1624 2207 1706 inde
2254 1653 2526 1734 regem
2563 1624 2971 1706 humiliter
3015 1627 3458 1726 salutasset,
3502 1630 3589 1707 in
3632 1629 3899 1709 locum

1117 1795 1216 1846 ex
1264 1767 1502 1875 lignis
1550 1750 2011 1844 dolatilibus
2063 1775 2647 1860 constructum,
2702 1762 2934 1870 paliis
2989 1767 3247 1845 aureis
3291 1765 3900 1846 circumtextum

1117 1921 1197 1982 et
1233 1903 1650 1999 elevatum,
1692 1917 1784 1980 ut
1815 1903 1929 1979 sic
1966 1916 2233 2008 posset
2263 1899 2367 1979 ab
2409 1895 2788 1979 omnibus
2819 1897 3150 1999 intueri,
3202 1899 3581 2009 perducta
3621 1921 3773 2002 est,
3809 1922 3900 1983 ut

1124 2038 1428 2121 ibidem
1480 2067 1698 2119 sacre
1748 2038 2157 2120 unctionis
2213 2064 2503 2117 munus
2562 2036 2975 2146 reciperet.
3033 2033 3153 2116 Ex
3210 2040 3516 2118 cunctis
3576 2039 3899 2146 prelatis

1118 2180 1344 2287 regni
1403 2178 1659 2259 solum
1702 2175 1868 2259 duo
1907 2176 2264 2285 episcopi
2303 2194 2386 2255 et
2424 2174 2672 2255 abbas
2711 2174 2982 2256 Sancti
3025 2176 3430 2284 Dyonisii,
3475 2179 3898 2286 pontifica-

1122 2316 1333 2398 libus
1387 2313 1688 2413 induti,
1745 2313 2152 2394 affixerunt
2203 2340 2386 2394 cum
2428 2309 3056 2419 Rothomagensi
3096 2312 3701 2424 archiepiscopo
3745 2313 3896 2394 do·

1118 2455 1341 2532 mino
1396 2452 1761 2533 Johanne
1823 2449 1923 2531 de
1983 2449 2336 2547 Vienna,
2399 2451 2540 2562 qui
2598 2448 2870 2530 divina
2929 2451 3372 2558 suscipiens
3414 2450 3896 2559 peragenda,

1124 2594 1335 2671 inter
1375 2565 1795 2671 missarum
1845 2588 2230 2669 solemnia
2274 2589 2836 2668 coronacionis
2876 2589 3355 2685 misterium,
3398 2611 3623 2668 more
3661 2590 3900 2684 solito

1124 2745 1203 2807 et
1246 2745 1338 2807 ut
1382 2729 1469 2806 in
1512 2724 1743 2805 libris
1784 2725 2248 2804 auctenticis
2297 2724 2618 2804 ecclesie
2663 2725 2879 2804 beati
2931 2725 3299 2833 Dyonisii
3343 2721 3709 2822 habetur,
3760 2728 3899 2836 qui

1126 2865 1253 2942 De
1291 2862 1805 2942 coronacione
1855 2888 2124 2968 regum
2164 2877 2241 2938 et
2286 2861 2741 2967 reginarum
2795 2860 3271 2959 intitulatur,
3322 2857 3780 2940 solemniter
3824 2879 3905 2940 et

1126 2999 1628 3082 devotissime
1667 2997 2112 3108 complevit.

1243 3138 1661 3249 Completo
1729 3138 2124 3235 misterio,
2190 3155 2377 3246 post
2429 3136 2779 3217 solemne
2829 3136 3260 3247 prandium
3316 3140 3402 3217 in
3461 3138 3635 3218 aula
3688 3140 3900 3247 regia

1128 3276 1607 3356 celebratum
1629 3338 1649 3376 ,
1711 3275 1986 3384 regina
2038 3274 2139 3355 ad
2180 3274 2507 3357 domum
2563 3276 2864 3383 regiam
2915 3277 3168 3357 sancti
3213 3275 3436 3356 Pauli
3485 3274 3902 3384 perducta,

1128 3412 1240 3491 ibi
1282 3440 1416 3491 sex
1472 3410 1757 3492 diebus
1813 3413 2128 3493 mansit.
2175 3406 2370 3519 Quo
2421 3413 2693 3519 spacio
2737 3410 3163 3493 hastiludia
3209 3413 3500 3493 milites
3553 3431 3636 3492 et
3671 3398 3907 3491 armi:-

1127 3550 1297 3655 geri
1342 3565 1868 3631 exercuerunt
1908 3576 2087 3631 cum
2128 3575 2350 3656 rege;
2394 3572 2628 3656 quem
2668 3551 3026 3659 quamvis
3083 3548 3239 3630 hiis
3293 3567 3486 3629 tunc
3544 3545 3904 3628 deditum

1131 3683 1424 3783 dicam,
1458 3700 1563 3765 >ut
1620 3710 1945 3792 magnas
2000 3685 2396 3764 amicicias
2453 3703 2534 3764 et
2576 3684 3097 3766 finitimarum
3141 3687 3503 3795 gencium
3550 3684 3906 3764 'favorem

1131 3822 1609 3931 acquireret,
1666 3840 1930 3901 tamen
1951 3883 1970 3919 ,
2028 3841 2118 3901 ut
2166 3824 2386 3902 varie
2442 3838 2629 3903 sunt
2675 3827 3071 3904 sentencie
3088 3885 3114 3928 ,
3169 3823 3459 3903 multos
3522 3818 3904 3931 reproba-

1132 3974 1345 4038 tores
1413 3959 1776 4037 exercicii
1840 3950 2190 4068 reperio,
2259 3977 2693 4039 asserentes
2757 3956 2978 4071 quod
3031 3955 3214 4039 talia
3277 3982 3445 4039 non
3513 3957 3907 4039 decebant

1137 4096 1435 4202 regiam
1476 4097 1988 4206 majestatem.

1242 4203 1636 4311 ⁸Nundum
1688 4247 2087 4309 transacto
2150 4229 2457 4331 tridu0,
2518 4233 2950 4341 burgenses
3013 4235 3487 4314 parisienses
3553 4260 3906 4313 mensam

1135 4394 1375 4448 aureo
1423 4367 1666 4476 pallio
1706 4386 2200 4475 coopertam,
2252 4371 2456 4449 vasis
2509 4388 2589 4448 et
2646 4370 3119 4450 utensilibus
3159 4372 3415 4451 aureis
3461 4386 3900 4462 oneratam,

1134 4507 1440 4613 regine,
1474 4502 1810 4585 ducissis
1845 4484 2165 4617 quoque
2200 4505 2272 4582 T
2275 4509 2562 4587 uronie
2595 4524 2676 4587 et
2710 4507 3010 4589 Biturie
3044 4507 3327 4618 jocalia
3366 4506 3552 4606 alia,
3600 4507 3906 4614 ingenti

1137 4642 1443 4751 perfusi
1514 4641 1772 4749 leticia
1799 4705 1819 4740 ,
1904 4642 2390 4724 obtulerunt.
2475 4644 2678 4722 Nam
2754 4642 3211 4753 gaudebant
3234 4706 3253 4742 ,
3328 4662 3409 4723 et
3481 4640 3911 4752 sperabant

1138 4778 1359 4896 quod
1399 4782 1509 4861 ob
1551 4779 1977 4861 adventum
2033 4782 2304 4891 regine
2351 4798 2489 4862 aut
2533 4798 2851 4891 partum
2892 4780 3061 4889 ejus
3099 4784 3560 4893 proximum
3606 4777 3907 4889 aliquid
