4666 6014
1037 654 1181 725 :3ae0
1524 641 2207 720 cunomcomm
2253 640 2610 718 maon
2658 639 2943 717 snx'n
2991 643 3167 718 Lm.
3218 639 3319 717 v,
3398 727 3411 734 ‚

1038 828 1078 876 a
1135 795 1294 877 fide
1343 794 1608 904 dignis
1660 794 2051 903 comperi,
2105 791 2326 905 quod
2374 791 2797 905 quemdam
2857 789 3250 901 insignem
3290 795 3814 901 armigerum,

1019 933 1358 1014 ‘Scotum
1389 933 1727 1013 nacione
1747 994 1766 1030 ,
1814 928 1916 1010 ad
1974 957 2243 1039 regem
2289 930 2737 1038 Arragonie
2792 927 3314 1028 destinatum,
3364 929 3816 1011 ,Iohannem

1035 1067 1354 1149 Patricii
1405 1071 1769 1167 nomine,
1823 1085 2247 1178 ceperunt,
2294 1066 2635 1147 durante
2676 1063 2940 1166 rabie,
2977 1095 3217 1179 quem
3269 1094 3448 1146 cum
3494 1066 3814 1177 tripode

1036 1203 1351 1284 ardenti
1400 1222 1879 1284 coronantes
1948 1205 2314 1315 nequiter
2378 1203 2973 1284 interfecerunt.
3049 1199 3503 1304 Quemdam
3566 1205 3814 1283 eciam

1032 1342 1494 1450 religiosum
1519 1339 1833 1420 ordinis
1862 1359 2133 1422 sancte
2155 1340 2577 1420 Trinitatis
2611 1340 3015 1449 capientes
3033 1401 3052 1438 ,
3089 1340 3502 1450 quoniam,
3533 1339 3813 1420 subtus

1029 1476 1396 1558 habitum
1443 1503 1684 1587 quem
1722 1493 1915 1556 tunc
1951 1476 2261 1556 ferebat
2304 1495 2729 1585 agrestem,
2782 1504 3096 1557 crucem
3141 1504 3294 1582 pro
3334 1476 3573 1583 signo
3627 1475 3771 1554 reli
3789 1523 3810 1535 ·

1027 1616 1291 1721 gionis
1321 1629 1830 1721 repererunt,
1862 1613 2126 1719 ipsum
2156 1609 2257 1690 ad
2289 1612 2722 1722 quamdam
2751 1614 3125 1696 arborem
3154 1612 3565 1718 alligantes
3584 1673 3605 1708 ,
3630 1635 3811 1694 cum

1026 1777 1213 1830 veru
1273 1750 1538 1829 *ferreo
1593 1749 1766 1858 ejus
1832 1748 2075 1829 latera
2133 1746 2765 1827 transfoderunt.
2829 1746 3192 1828 Alterum
3240 1748 3487 1828 altera
3540 1746 3673 1828 die
3720 1751 3807 1828 in

1023 1885 1493 1967 sacerdotali
1544 1884 1832 1965 ordine
1877 1887 2438 1984 constitutum,
2497 1883 2597 1964 ad
2648 1909 3061 1966 romanam
3111 1879 3415 1964 curiam
3464 1882 3801 1965 tenden-

1025 2041 1181 2104 tem
1203 2086 1222 2123 ,
1280 2040 1754 2120 tenuerunt3
1808 2049 2047 2133 quem
2107 2024 2206 2101 in·
2243 2019 2523 2101 odium
2572 2037 2652 2101 et
2710 2024 3238 2130 ignominiam
3293 2022 3802 2103 ecclesiastice

1027 2160 1441 2270 dignitatis
1467 2223 1486 2257 ,
1558 2156 2003 2267 digitorum
2075 2159 2664 2239 summitatibus
2706 2159 3034 2240 abcisis
3104 2190 3195 2240 ac
3263 2178 3592 2240 tonsure
3657 2189 3801 2272 per

1023 2298 1417 2378 ambitum
1478 2298 1880 2376 excoriata
1942 2295 2178 2404 pelle,
2239 2295 2564 2377 tandem
2617 2298 2803 2405 igne
2863 2314 3433 2379 cremaverunt.
3498 2298 3666 2377 Hec
3724 2315 3805 2377 et

1020 2436 1420 2515 atrociora
1457 2433 1837 2544 omnique
1870 2431 2261 2512 relacione
2301 2432 2637 2541 indigna
2678 2451 3228 2543 perpetrantes
3246 2495 3266 2533 ,
3306 2437 3664 2545 quamvis
3701 2433 3803 2513 ab

1023 2571 1413 2659 universis
1462 2585 1540 2649 et
1592 2567 1928 2676 singulis
1973 2569 2134 2649 vita
2181 2586 2747 2678 reputarentur
2793 2568 3108 2678 indigni
3128 2631 3148 2666 ,
3170 2665 3175 2666 γ
3201 2598 3353 2649 nec
3411 2568 3514 2649 ad
3567 2571 3801 2650 resis-
3876 2564 3891 2576 ’

1025 2704 1356 2787 tendum
1399 2707 1609 2814 apti,
1685 2721 1970 2814 utpote
2029 2707 2168 2816 qui
2236 2733 2406 2785 non
2463 2705 2697 2785 simul
2756 2695 2897 2785 sed
2953 2707 3365 2784 turmatim
3420 2724 3505 2784 et
3569 2703 3809 2784 divisi·

1026 2841 1541 2939 incedebant,
1588 2859 1670 2922 et
1716 2841 1972 2921 solum
2025 2871 2204 2922 cum
2253 2844 2598 2923 corrosis
2648 2843 2989 2922 arcubus
3009 2905 3028 2942 ,
3082 2840 3430 2928 sordidis
3484 2871 3802 2954 quoque

1021 2980 1344 3061 ensibus
1384 2997 1465 3059 et
1499 2980 1800 3090 opertis
1834 2977 2240 3087 rubigine,
2282 2980 2404 3061 vel
2442 3010 2623 3060 cum
2654 2981 3056 3093 quercinis
3092 2979 3393 3061 baculis
3425 2982 3538 3061 sic
3581 2980 3800 3061 laxa-

1023 3119 1222 3197 bant
1269 3114 1752 3197 crudelitatis
1795 3115 2187 3217 habenas,
2229 3136 2447 3197 metu
2491 3136 2755 3197 tamen
2799 3115 3336 3198 multitudinis
3388 3119 3650 3198 nullus
3698 3115 3799 3198 ad

1021 3250 1460 3335 vindictam
1493 3282 1576 3334 se
1612 3256 1992 3355 accinxit,
2026 3285 2278 3368 usque
2311 3255 2416 3337 ad
2448 3254 2877 3337 adventum
2905 3254 3129 3337 ducis
3160 3257 3460 3338 Biturie
3495 3286 3794 3354 memo-

1022 3393 1204 3470 rati.

1137 3527 1212 3607 Is
1237 3528 1803 3609 vilissimorum
1826 3530 2247 3611 hominum
2264 3531 2713 3613 abhorrens
2728 3520 3021 3613 scelera
3035 3593 3057 3630 ,
3082 3560 3272 3611 mox
3295 3559 3477 3609 cum
3500 3533 3755 3639 copiis
3774 3593 3794 3628 ,

1022 3690 1219 3773 quas
1271 3691 1537 3743 secum
1594 3684 1984 3765 traxerat,
2035 3665 2568 3780 undecunque
2600 3672 2885 3776 'potuit
2914 3669 3427 3778 pugillatores
3467 3695 3797 3776 congre-

1027 3801 1276 3906 gavit,
1318 3800 1763 3908 precipiens
1801 3805 2007 3881 utin
2039 3832 2198 3903 eos,
2224 3803 2457 3885 velud
2490 3807 2575 3884 in
2613 3801 3055 3884 homicidas
3094 3804 3510 3914 pessimoS,
3543 3802 3797 3883 divini

1024 3952 1103 4013 et
1140 3934 1468 4014 humani
1509 3936 1709 4045 juris
1759 3955 2383 4046 transgressores
2445 3958 2524 4020 et
2567 3938 2838 4020 divina
2888 3939 3569 4021 animadversione
3619 3937 3797 4048 dig-

1021 4100 1210 4167 nOS,
1253 4074 1752 4180 insurgentes
1792 4102 1962 4155 non
2008 4079 2357 4186 cuipiam
2387 4097 2869 4186 parcerent,.
2901 4076 3039 4157 sed
3093 4076 3195 4156 ad
3234 4107 3489 4158 unum
3524 4108 3799 4159 omnes

1020 4210 1193 4287 sine
1231 4207 1773 4290 misericordia
1804 4215 1978 4291 neci
2013 4209 2322 4293 darent.
2357 4217 2539 4316 Qui·
2563 4233 2655 4295 ut
2686 4213 3031 4295 edictum
3069 4212 3293 4294 ducis
3331 4214 3794 4312 audierunt,

1019 4373 1211 4424 mox
1253 4343 1614 4452 deposita
1653 4349 2068 4428 temerarie
2108 4353 2743 4461 presumpcionis
2783 4354 3129 4451 sarcina,
3176 4354 3564 4433 evacuatis
3601 4355 3795 4433 viri-

1023 4482 1205 4579 bus,
1249 4510 1528 4562 eorum
1569 4485 1831 4562 omnis
1877 4485 2130 4565 virtus
2170 4490 2592 4588 emarcuit,
2647 4505 2727 4567 et
2776 4514 3236 4600 quanquam
3281 4489 3502 4570 milia
3550 4488 3797 4568 multa

1017 4635 1315 4719 essent,
1353 4622 1544 4732 quia
1581 4636 1844 4701 tamen
1883 4624 2230 4704 racionis
2265 4625 2554 4708 ordine
2594 4628 2764 4736 regi
2794 4627 3293 4725 nesciebant,
3330 4622 3796 4733 aggredien-

1017 4756 1229 4837 cium
1287 4758 1637 4866 primum
1697 4786 1866 4841 non
1929 4762 2482 4847 sustinuerunt
2532 4765 2923 4873 impetum
2948 4825 2968 4862 ‚
3031 4761 3171 4849 sed
3226 4761 3647 4843 confestim
3704 4779 3794 4845 ut
