4666 6014
1162 672 1304 746 528
1630 611 2310 752 CHRoNlcoiuJM
2364 657 2733 738 KARou
2769 661 3054 738 sssxrl
3095 664 3273 736 Lm.
3328 661 3464 748 ix.

1158 852 1197 890 <r
1235 834 1564 924 petunt,
1630 814 2206 896 consulendum
2255 816 2626 895 existimo
2692 831 2783 894 ut
2841 814 3335 894 Francorum
3392 807 3703 923 gladius
3764 843 3957 923 pro-

1162 989 1201 1029 «
1242 973 1466 1062 peret
1524 952 1627 1034 ad
1679 955 2148 1033 temeritatis
2196 950 2634 1033 vindictam
2696 982 2713 1029 ε
2773 949 3134 1062 alioquin
3190 950 3828 1060 pusillanimitati
3878 971 3959 1034 et

1160 1125 1195 1163 «
1232 1118 1513 1169 eorum
1548 1079 1851 1169 desidie
1881 1087 2418 1187 adscribe'tur3
2475 1105 2872 1198 eruntque
2901 1087 3427 1170 Theutonicis
3465 1079 3571 1168 in'
3606 1087 3957 1194 derisum

1159 1263 1194 1302 α
1237 1249 1316 1308 et
1349 1211 1883 1338 opprobrium
1915 1228 2515 1336 sempiternum.
2549 1262 2586 1301 »

1270 1364 1936 1445 Consiliariorum
1983 1364 2243 1473 major
2288 1390 2475 1471 pars
2516 1363 3016 1444 conclusioni
3070 1358 3424 1478 adhesit,
3479 1381 3560 1443 et
3607 1359 3955 1444 decrevit

1158 1503 1593 1583 accelerare
1646 1501 2092 1609 negocium.
2129 1475 2348 1580 Voce
2381 1527 2705 1611 quoque
2740 1499 3233 1607 preconiaet
3257 1498 3427 1607 lege
3455 1497 3772 1580 edictali
3811 1531 3955 1608 pu-

1156 1641 1361 1719 blice
1391 1638 1869 1748 primiceriis
1896 1649 1975 1715 et
2005 1637 2614 1716 centurionibus
2642 1634 3073 1716 mandatur
3094 1649 3187 1715 ut
3212 1638 3614 1718 instruant
3634 1642 3953 1747 agmina

1157 1776 1671 1871 bellatorum,
1714 1775 1984 1884 eisque
2016 1771 2184 1851 dies
2225 1769 2525 1852 dicitur
2556 1799 2722 1884 quo
2760 1773 3047 1852 armati
3074 1768 3386 1881 pugiles
3416 1772 3632 1882 apud
3675 1771 3949 1854 Mons-

1161 1912 1531 2004 teriolum·
1573 1913 1656 1989 in
1696 1909 1857 1989 fine
1898 1908 2131 1988 Yone
2173 1907 2395 1989 fluvii
2440 1909 2693 1987 assint
2735 1904 2838 1986 ad
2878 1927 3301 1989 numerum
3338 1899 3949 1990 scribendorum

1157 2051 1279 2127 vel
1309 2046 1948 2156 repellendorum
1991 2042 2595 2125 recensendum.
2632 2045 2796 2146 Qui
2827 2042 2929 2123 ad
2962 2044 3117 2124 hoc
3150 2044 3467 2125 fuerant
3500 2047 3949 2146 constituti,

1158 2214 1254 2264 ex
1292 2182 1880 2293 pugnatoribus
1911 2182 2182 2263 electis
2206 2201 2288 2263 et
2316 2181 2669 2262 loricatis
2703 2178 2805 2260 ad
2846 2209 3198 2289 unguem
3239 2179 3697 2293 quindecim
3734 2181 3953 2261 milia

1157 2352 1255 2402 ex
1281 2323 1654 2406 universo
1685 2339 1948 2401 tractu
1975 2323 2205 2431 regni
2220 2328 2425 2402 'tunc
2456 2302 2850 2404 refferunt
2871 2299 3368 2418 convenisse3
3402 2348 3605 2432 quos
3631 2320 3950 2401 balista-

1155 2451 1507 2558 riorum,
1564 2462 2152 2570 gregariorum,
2212 2459 2405 2539 levis
2467 2486 2788 2569 quoque
2849 2475 3252 2539 armature
3300 2474 3635 2570 sequuta
3666 2476 3789 2544 est
3832 2460 3950 2537 vis

1160 2579 1582 2696 immensa3
1613 2578 2077 2708 jussumque
2117 2614 2237 2676 est
2277 2596 2752 2676 auctoritate
2786 2595 3002 2704 regia
3044 2612 3137 2674 ut
3181 2621 3459 2703 graves
3493 2594 3663 2703 jam
3694 2611 3900 2676 etate
3927 2657 3947 2692 ,

1161 2763 1444 2844 parum
1473 2732 1783 2833 vallidi,
1818 2751 1895 2813 et
1917 2732 2020 2814 ad
2053 2734 2371 2814 labores
2405 2732 2786 2812 militares
2818 2733 3076 2841 inepti
3105 2729 3208 2811 ad
3240 2747 3506 2838 partes
3521 2756 3703 2811 suas
3734 2729 3947 2811 redi-

1157 2892 1360 2953 rent.
1408 2874 1529 2951 Ex
1567 2890 1758 2952 tunc
1783 2869 2059 2950 edicto
2108 2872 2329 2980 regio
2371 2897 2648 2950 omnes
2683 2896 2830 2976 per
2867 2869 3424 2976 Campaniam,
3468 2881 3637 2947 non
3676 2886 3943 2948 tamen

1159 3038 1342 3089 cum
1382 3011 1815 3117 rapacitate
1845 3007 2112 3105 solita,
2155 3005 2294 3087 sed
2324 3005 2797 3089 victualibus
2829 3007 3230 3104 contenti,
3265 2999 3663 3089 aditer'se
3690 3007 3945 3085 accin-

1163 3154 1470 3255 genteS,
1512 3174 1781 3226 versus
1810 3145 2007 3226 fines
2047 3146 2559 3226 Remensium
2596 3144 2932 3224 flectunt
2980 3148 3171 3243 iter3
3202 3144 3626 3255 villamque
3658 3144 3757 3224 de
3789 3144 3946 3223 Me-

1157 3285 1389 3363 zeriis
1414 3300 1662 3392 'supra
1692 3282 1912 3365 Mose
1936 3282 2263 3363 fluvium
2301 3283 2536 3362 sitam
2564 3284 3047 3390 attingentes
3069 3344 3088 3380 ,
3129 3279 3596 3385 mandatum
3636 3285 3944 3390 regium
4052 3392 4054 3395 Υ

1158 3423 1447 3499 iterum
1478 3422 2126 3527 expectaverunt,
2169 3435 2262 3498 ut
2298 3421 2635 3498 sciretur
2667 3445 2815 3527 per
2851 3446 3054 3527 quos
3089 3417 3300 3499 fines·
3325 3417 3617 3498 ducum
3648 3417 3749 3496 de
3775 3416 3941 3495 J'ul-

1157 3555 1310 3635 lers
1353 3573 1433 3635 et
1472 3553 1573 3635 de
1599 3555 1923 3671 Guerlis
1952 3556 2294 3663 patriam
2327 3554 2964 3663 ingrederentur.

1269 3691 1476 3806 Sane
1517 3709 1791 3775 octava
1823 3689 1953 3771 die
1977 3690 2184 3800 jullii
2224 3718 2364 3770 rex
2409 3688 2509 3770 de
2540 3692 2886 3784 Parisius
2915 3710 3338 3775 recesserat
3365 3754 3384 3790 ,
3427 3670 3507 3773 et
3549 3695 3754 3793 circa
3795 3694 3944 3773 fes-

1157 3847 1327 3909 tum
1372 3847 1831 3911 sanctorum
1877 3825 2143 3938 Egidii
2187 3844 2266 3909 et
2305 3827 2515 3935 Lupi
2570 3826 2786 3936 apud
2837 3829 3361 3910 Cathalanum
3415 3828 3711 3942 degens
3758 3844 3941 3917 cum

1157 3969 1464 4074 patruis
1493 3970 1658 4047 suis
1675 3994 1926 4077 ,super
1949 3967 2244 4046 tuciori
2273 3981 2355 4053 est
2382 3965 2746 4061 ,uberiori
2774 3966 3057 4053 itinere
3087 3965 3543 4049 celebrabat
3570 3969 3936 4067 consilia3

1158 4120 1242 4181 et
1268 4130 1726 4215 quanquam
1766 4102 1997 4185 multi
2023 4103 2440 4211 regionum
2481 4104 2712 4211 gnari
2744 4129 2889 4211 per
2916 4100 3310 4183 Leodium
3335 4123 3571 4215 atque
3598 4106 3941 4186 Breban-

1159 4241 1359 4319 ciam·
1404 4242 1941 4351 opportunius
1971 4238 2340 4338 tendere,
2376 4256 2661 4349 utpote
2704 4266 2862 4347 per.
2889 4241 3233 4348 patriam
3274 4240 3510 4322 bonis
3565 4243 3941 4322 omnibus
4040 4232 4051 4244 ⁴

1160 4378 1560 4477 refertam,
1597 4379 2136 4476 consulerent,
2167 4375 2502 4457 invaluit
2524 4394 2792 4457 tamen
2824 4374 3050 4458 ducis
3076 4377 3536 4487 Burgundie
3573 4382 3936 4489 oppiniO,

1061 4516 1072 4522 ’
1158 4519 1470 4627 quiper
1494 4534 1758 4624 partes
1783 4513 2161 4596 Ardenne
2189 4518 2534 4597 transire
2562 4516 2985 4614 consuluit,
3013 4544 3115 4596 ne
3145 4516 3579 4598 Brebancia
3604 4520 3939 4599 nimium

1155 4630 1675 4761 premeretur.
1723 4650 1921 4733 Inde
1961 4653 2192 4732 multi
2233 4657 2640 4764 ingentem
2674 4650 3197 4771 *formidinem
3242 4674 3509 4736 mente
3555 4634 3933 4764 concepe-

1158 4807 1383 4888 runt,
1436 4792 1742 4872 viarum
1809 4788 2403 4871 considerantes
2469 4788 3018 4873 difficultatem
3076 4809 3157 4871 et
3209 4794 3527 4873 crebras
3547 4854 3567 4891 ,
3623 4821 3778 4900 que
3839 4820 3938 4871 ex
