4666 6014
1109 686 1201 754 88
1596 678 2278 753 CHRONICORUM
2306 678 2685 767 ‚KAROLI
2735 680 3019 753 SEXTI
3070 682 3245 754 LIB.
3301 681 3389 753 11.

1052 820 1059 825 ’
1106 830 1480 939 precibus
1512 830 1847 908 innoxio
1881 830 2182 908 exitum
2220 828 2566 909 liberum
2598 830 3132 942 requirentem
3173 830 3466 941 quibus
3505 854 3687 909 cum
3728 828 3903 910 diu-

1108 969 1275 1046 cius
1317 965 1790 1062 obstitisset,
1839 994 2103 1077 neque
2150 966 2353 1046 ullus
2403 965 2785 1076 precandi
2824 964 3378 1046 admitteretur
3419 963 3706 1045 modus
3731 1029 3749 1064 ,
3797 965 3896 1046 ad

1107 1104 1474 1181 ultimum
1501 1119 1766 1181 tamen
1799 1103 2054 1181 victus
2078 1164 2096 1200 ,
2133 1103 2285 1182 sub
2320 1100 2798 1183 condicione
2831 1102 3221 1214 acquievit
3251 1098 3468 1210 quod
3505 1098 3604 1180 de
3631 1120 3896 1181 cetero

1113 1239 1500 1318 Clementi
1527 1237 2028 1318 adhererent.
2069 1238 2198 1319 Sic
2232 1239 2545 1348 glutino
2576 1239 2870 1318 amoris
2906 1256 2987 1318 et
3027 1264 3240 1318 nexu
3270 1234 3658 1316 sollidiori
3702 1266 3895 1347 pro-

1109 1403 1324 1455 ceres
1364 1375 1427 1454 F
1432 1376 1698 1454 rancie
1745 1402 1928 1454 cum
1974 1404 2069 1455 eo
2118 1376 2533 1485 conjuncti
2573 1394 2834 1474 erant,
2892 1392 2984 1455 ut
3040 1376 3483 1485 cuicunque
3521 1374 3925 1454 hesitanti<

1109 1510 1209 1590 de
1245 1511 1631 1599 electione
1668 1514 1917 1622 ipsius
1941 1573 1960 1611 ,
2002 1514 2229 1625 quasi
2262 1514 2565 1592 crimen
2601 1513 2883 1621 ingens
2915 1512 3473 1609 commisisset,
3509 1539 3700 1590 mox
3746 1507 3903 1589 dis-

1109 1649 1494 1757 plicencia
1542 1666 1621 1727 et
1672 1650 2280 1729 comminatoria
2329 1650 2578 1732 verba
2623 1648 3100 1728 inferebant.
3147 1649 3249 1727 Et
3303 1645 3525 1759 quod
3586 1648 3900 1755 gravius

1110 1787 1366 1863 visum
1418 1812 1514 1862 ex
1561 1803 1791 1893 parte
1844 1785 2131 1895 prefati
2188 1784 2454 1885 ducis,
2487 1787 2573 1865 in
2623 1784 2892 1866 studio
2922 1785 3339 1866 Parisiensi
3388 1784 3543 1864 fuit
3582 1784 3900 1893 publice

1110 1921 1561 1998 intimatum
1581 1980 1600 2018 ,
1652 1948 1762 1999 ne
1801 1923 1984 2030 quis
2036 1920 2446 2031 deincePS,
2483 1949 2723 2031 super
2749 1924 2774 1966 ¹
2819 1951 3024 2031 pena
3065 1920 3654 2029 indignacionis
3689 1921 3903 2028 regie

1108 2053 1627 2153 incur-rende,
1680 2084 1824 2136 nec
1863 2054 1964 2135 de
1986 2056 2370 2137 electione
2410 2085 2650 2167 pape,
2693 2085 2840 2138 nec
2885 2056 2986 2137 de
3015 2057 3351 2137 consilio
3391 2055 3737 2164 generali
3779 2054 3899 2133 ’fa—

1106 2208 1318 2272 ceret
1358 2194 1878 2271 mencionem.
1929 2192 2157 2273 Unde
2200 2194 2571 2273 nonnulli
2609 2195 2872 2272 clerici
2904 2212 2984 2272 et
3025 2192 3395 2273 doctores
3442 2194 3853 2301 conspicui
3878 2256 3896 2291 ,

1106 2326 1571 2409 mandatum
1615 2328 2175 2408 irracionabile
2207 2327 2661 2439 judicantes
2687 2390 2706 2427 ,
2750 2357 2931 2409 cum
2978 2329 3291 2438 prefato
3338 2329 3720 2437 magistro
3763 2330 3804 2408 J
3810 2357 3897 2408 o-

1106 2466 1372 2545 hanne
1441 2465 1624 2544 ilico
1692 2484 2192 2546 recesserunt
2219 2527 2238 2563 ,
2303 2466 2800 2577 Romamque
2871 2462 2971 2544 de
3027 2466 3371 2547 Parisius
3435 2464 3896 2567 tendentes,

1108 2602 1475 2701 Urbano,
1517 2604 1657 2713 qui
1708 2631 1792 2681 se
1828 2631 1981 2710 pro
2037 2629 2246 2711 papa
2300 2601 2661 2709 gerebat,
2702 2601 2850 2680 hec
2889 2604 3160 2681 omnia
3212 2603 3643 2682 serietenus
3690 2621 3902 2683 retu-

1104 2740 1393 2818 lerunt.
1431 2737 1607 2816 Hiis
1640 2738 2106 2844 compertis,
2150 2737 2665 2817 Universitati
2699 2738 3122 2819 Parisiensi
3154 2740 3418 2846 primo
3443 2742 3745 2849 gracias
3779 2770 3899 2820 re-

1107 2877 1322 2974 tulit,
1353 2874 1640 2957 litteris
1662 2877 2120 2985 apostolicis
2148 2874 2518 2956 doctores
2546 2896 2627 2957 et
2653 2878 3077 2985 magistros
3109 2877 3534 2959 affectuose
3564 2908 3896 2959 monens

1105 3032 1186 3091 et
1215 3012 1676 3112 exhortam,
1710 3032 1801 3093 ut
1830 3016 1913 3092 in
1946 3011 2323 3093 fidelitate
2353 3032 2791 3112 manentes,
2829 3016 3084 3095 minas
3117 3016 3572 3125 principum
3603 3045 3771 3096 non
3802 3019 3900 3096 ti-

1106 3161 1451 3248 merent,
1498 3148 1638 3230 sed
1660 3211 1679 3249 ,
1716 3168 1804 3229 ut
1850 3153 2206 3231 veritatis
2267 3150 2564 3231 athlete
2619 3152 3035 3231 fortissimi
3084 3170 3164 3231 et
3219 3152 3558 3232 Ecclesie
3608 3181 3898 3262 sponse

1106 3287 1408 3366 Christi
1481 3286 1861 3372 zelatores
1884 3349 1904 3384 ,
1967 3286 2069 3368 ad
2143 3289 2313 3397 ejus
2371 3287 2759 3367 unionem
2811 3307 2892 3392 et
2947 3287 3451 3369 sedacionem
3505 3288 3895 3372 horrendi
3991 3387 4008 3399 ο

1103 3422 1493 3502 scismatis
1533 3424 2169 3503 constantissime
2207 3423 2692 3504 laborarent.

1219 3559 1314 3638 In
1357 3561 1987 3669 congregacione
2018 3559 2446 3641 doctorum
2474 3561 2736 3643 littere
2765 3563 3309 3673 perleguntur.
3345 3563 3588 3665 Quod
3615 3562 3899 3644 ducem

1102 3693 1752 3804 Andegavensem
1797 3696 1900 3778 ad
1944 3697 2445 3778 iracundiam
2491 3698 2828 3808 amplius
2879 3701 3373 3809 provocavit,
3407 3728 3592 3779 cum
3636 3719 3898 3780 rector

1103 3833 1271 3940 regi
1317 3834 1690 3940 primitus
1730 3853 1810 3914 et
1844 3836 1998 3917 sibi
2045 3863 2211 3916 non
2254 3854 2808 3946 presentasset.
2856 3838 3038 3938 Qua
3082 3835 3181 3916 de
3225 3865 3457 3916 causa
3504 3833 3896 3947 quosdam

1106 3967 1287 4047 ilico
1335 3967 1716 4071 destinat,
1755 3975 1896 4084 qui
1943 4000 2123 4053 eum
2173 3970 2942 4083 comprehendentes
2982 3972 3137 4053 sibi
3169 3970 3658 4052 adducerent
3691 3968 3894 4049 indi-

1104 4106 1285 4185 late.
1307 4107 1487 4207 Qua
1503 4105 1602 4187 de
1634 4138 1720 4188 re
1744 4110 2049 4190 cercior
2079 4110 2360 4211 factuS,
2393 4129 2474 4191 et
2503 4112 2661 4191 vite
2691 4138 2828 4191 sue
2860 4128 3246 4208 metuenS,
3280 4108 3483 4188 clam
3506 4105 3891 4205 discessit,

1102 4259 1183 4320 et
1213 4244 1551 4326 Romam
1577 4245 1850 4355 fugere
1880 4250 2333 4328 maturavit.
2380 4241 2685 4329 Eodem
2713 4277 3034 4360 quoque
3066 4266 3426 4355 tempore
3444 4307 3465 4344 ,
3495 4273 3674 4325 cum
3704 4274 3893 4325 can-

1100 4396 1279 4460 tore
1309 4382 1600 4461 Nostre
1630 4386 1974 4465 Domine
2004 4386 2492 4485 Parisiensis,
2525 4387 2909 4494 magistro
2934 4386 3020 4464 in
3050 4383 3454 4493 theologia
3473 4446 3492 4483 ,
3539 4380 3893 4493 ejusdem

1098 4519 1436 4604 sciencie
1472 4520 1902 4627 professor,
1946 4524 2321 4630 magister
2364 4523 2768 4603 J'ohannes
2808 4521 3112 4631 Egidii,
3154 4551 3245 4603 ac
3285 4511 3655 4602 ncnnulli
3704 4521 3894 4600 emi-

1102 4655 1366 4734 nentis
1386 4657 1721 4736 sciencie
1748 4656 1963 4738 idem
1988 4661 2140 4739 iter
2156 4662 2697 4769 arripuerunt,
2723 4660 3041 4769 publice
3059 4661 3644 4770 exprobrantes
3670 4653 3892 4769 quod

1174 4872 1188 4895 ¹
1236 4861 1376 4916 Var.
1404 4887 1417 4914 .-
1441 4871 1502 4917 n⁰
1522 4862 1692 4938 5960,
1719 4864 1817 4922 fol.
1844 4863 1917 4921 36
1938 4884 2015 4934 v.,
2040 4866 2146 4922 sub
2174 4883 2340 4940 pena.
