4666 6014
1084 673 1226 745 448
1539 663 2224 739 CHRONICORUM
2273 662 2631 737 KAROLI
2680 664 2965 741 sEle
3013 667 3188 741 LIB.
3247 670 3411 746 Vll.

1077 817 1249 899 tida
1280 817 1457 897 labe
1488 827 2184 924 apostematumac
2215 813 2456 894 soluti
2484 817 2785 896 ventris
2818 816 3331 899 incommodo
3361 839 3692 932 sequuta
3723 843 3866 922 est,

1079 975 1170 1036 ut
1198 957 1335 1037 vix
1368 956 1789 1064 preteriret
1836 953 2102 1065 aliqua
2141 951 2308 1034 dies
2338 954 2425 1034 in
2448 980 2605 1065 qua
2631 955 2968 1062 triginta
2990 955 3110 1036 vel
3136 947 3668 1069 qnadraginta
3698 988 3868 1041 non

1076 1093 1556 1173 efferrentur
1631 1091 1961 1191 funera3
2017 1082 2399 1203 tantaque
2458 1090 2625 1172 lues
2669 1093 2976 1201 pugiles
3021 1101 3215 1173 tunc
3263 1096 3664 1203 oppressit
3690 1159 3709 1194 ,
3779 1114 3870 1177 ut

1070 1233 1238 1340 jam
1272 1228 1694 1310 funeribus
1738 1230 2256 1339 exequiarum
2298 1244 2788 1337 negarentur
2825 1228 3115 1309 officia.
3163 1231 3471 1310 Rumor
3523 1230 3863 1311 cotidia-

1071 1396 1225 1447 nus
1261 1366 1624 1474 lugubris
1660 1366 2291 1474 exprimencium
2331 1361 2895 1445 decedencium
2927 1368 3494 1448 centurionum
3533 1372 3864 1449 nomina

1075 1534 1256 1586 cum
1282 1504 1551 1583 mestis
1579 1502 2064 1611 singultibus
2094 1530 2323 1582 aures
2354 1501 2578 1583 ducis
2610 1503 3040 1585 infestabat
3066 1534 3086 1602 ;
3128 1533 3278 1586 nec
3309 1524 3480 1586 erat
3511 1508 3861 1587 tumulus

1072 1661 1284 1722 terre
1323 1643 1487 1721 sive
1539 1641 1701 1737 via,
1744 1667 1900 1751 que
1939 1642 2236 1749 passim
2275 1639 2802 1749 Anglicorum
2839 1639 3220 1723 cadavera
3259 1671 3430 1723 non
3476 1664 3852 1725 servaret.

1070 1780 1296 1858 Peste
1324 1779 1575 1857 eciam
1606 1774 1973 1875 durante,
2005 1774 2230 1857 ducis
2271 1776 2480 1882 filius
2504 1795 2972 1888 peroptatus
3005 1785 3188 1860 c‘um
3219 1798 3474 1860 matre
3505 1778 3856 1876 dilectis-

1070 1918 1267 1994 sima
1307 1912 1523 1994 diem
1557 1914 1932 1998 ultimum
1970 1916 2340 2023 signavit.
2385 1913 2607 2022 Quid
2651 1916 2882 2025 plura
2915 1917 2948 1995 Ρ
2990 1945 3173 1997 cum
3205 1914 3305 1996 de
3347 1914 3478 1996 die
3512 1919 3597 1997 in
3642 1916 3857 1998 diem

1066 2053 1313 2132 fames
1365 2069 1445 2132 et
1485 2080 1584 2131 ex
1627 2052 1704 2130 fa
1715 2080 1837 2134 me
1877 2050 2044 2131 lues
2096 2052 2409 2164 aliaque
2447 2051 2694 2134 multa
2740 2052 3426 2134 increbrescerent
3458 2056 3804 2163 pericula
3835 2119 3853 2152 ,

1065 2189 1389 2309 duxque
1484 2163 1748 2270 redire
1850 2185 2371 2296 disposuisset
2405 2172 2437 2287 ,’
2515 2189 2781 2269 classis
2845 2189 3191 2271 infausta
3271 2191 3790 2300 navigacione
3836 2256 3854 2290 ‚

1065 2329 1410 2432 sinistris
1461 2343 1635 2405 acta
1693 2323 2056 2424 flatibu3‚
2111 2341 2284 2405 tota
2336 2352 2542 2432 pene
2590 2323 2955 2434 deperiit.
3019 2326 3122 2406 Et
3180 2328 3294 2406 sic
3343 2324 3670 2418 tandem
3710 2331 3854 2440 qui

1063 2492 1375 2544 summo
1405 2461 1614 2556 'cum
1672 2459 2101 2570 splendore
2170 2462 2668 2569 Hyspaniam
2751 2462 3223 2561 intraverat,
3288 2481 3368 2542 et
3420 2466 3850 2545 maximam

1060 2630 1286 2713 spem
1341 2599 1443 2681 de
1486 2628 1569 2681 se
1623 2602 1928 2680 cunctis
1981 2598 2338 2707 Anglicis
2390 2595 2720 2678 dederat
2739 2659 2760 2696 ,
2809 2625 2963 2708 pro
3015 2599 3431 2707 triumpho
3465 2599 3846 2682 laudabili

1059 2741 1362 2819 luctum
1404 2735 1817 2847 publicum
1847 2737 1934 2814 in
1965 2733 2345 2842 Angliam
2368 2736 2831 2844 reportavit.
2865 2735 3070 2814 Nam
3104 2735 3555 2817 infortunio
3586 2734 3843 2816 divul-

1060 2896 1247 2987 gato
1275 2938 1294 2974 ‚
1333 2890 1599 2956 totum
1649 2899 1990 2981 regnum
2026 2868 2205 2952 dira
2248 2871 2662 2980 occupavit
2692 2870 3187 2972 lamentacio.
3229 2872 3550 2985 Ubique
3580 2872 3847 2955 luctus

1056 3030 1397 3124 occupat
1434 3012 1839 3109 universa3
1888 3037 2155 3091 meror
2195 3028 2277 3091 et
2316 3012 2677 3091 anxietas
2717 3007 2964 3091 corda
2993 3011 3150 3092 sibi
3179 3009 3535 3093 vindicat
3566 3014 3845 3123 singu-

1054 3153 1357 3252 lorum,
1400 3151 1542 3263 qui
1573 3148 1928 3262 querulis
1960 3148 2295 3229 vocibus
2328 3166 2409 3227 et
2444 3146 2883 3228 lacrimosis
2920 3149 3286 3258 suspiriis
3318 3150 3733 3259 proximos
3764 3168 3845 3229 et

1055 3307 1292 3371 notos
1313 3282 2015 3400 conquerebantur
2051 3286 2426 3384 amissos3
2456 3313 2605 3365 nec
2630 3302 2803 3365 erat
2828 3286 2916 3365 in
2941 3311 3192 3395 regno
3217 3282 3575 3394 dyocesis
3601 3315 3842 3399 quam

1054 3424 1288 3508 dolor
1316 3425 1730 3518 familiaris
1754 3450 1925 3506 non
1963 3439 2385 3534 premeret.
2419 3421 2735 3530 Corpus
2757 3450 2947 3504 vero
2978 3419 3336 3553 ducisse}
3314 3451 3399 3502 in
3430 3422 3839 3533 sepultura

1051 3561 1705 3673 incomparabili,
1764 3589 2009 3673 quam
2060 3562 2230 3670 ipse
2272 3556 2496 3640 dux
2473 3587 2561 3638 m
2593 3558 2914 3640 ecclesia
2953 3559 3207 3639 sancti
3246 3558 3469 3639 Pauli
3501 3556 3842 3638 Londo-

1048 3702 1348 3781 niensis
1379 3728 1475 3781 ex
1510 3726 1908 3780 marmore
1936 3715 2016 3780 et
2044 3698 2442 3779 alabastro
2473 3713 3064 3795 construxerat,
3091 3695 3490 3805 sepultum
3511 3714 3669 3795 est,
3694 3695 3841 3776 ubi

917 3856 932 3870 ·
1047 3855 1128 3918 et
1164 3867 1388 3931 suam
1420 3854 1613 3919 tunc
1652 3837 1887 3947 elegit
1921 3836 2437 3948 sepulturam.

1977 4117 2638 4200 CAPITULUM
2697 4123 2896 4204 VII.

1491 4331 1578 4391 De
1608 4332 1967 4415 negligencia
2002 4334 2358 4395 Francorum
2388 4332 2467 4394 ad
2494 4334 2960 4407 transmeandum
2997 4336 3058 4394 in
3088 4333 3378 4416 Angliam.

1150 4533 1279 4616 Ad
1319 4536 1763 4646 hystoriam
1809 4533 2126 4649 rediens
2145 4601 2166 4640 ‚
2203 4570 2348 4622 rex
2385 4558 2738 4648 suorum¹
2760 4541 3133 4624 bellicum
3167 4556 3645 4652 apparatum
3685 4567 3823 4620 cu·

1038 4675 1268 4782 Piens
1299 4674 1639 4773 issVissel'e.
1656 4736 1676 4774 2
1706 4673 1930 4803 ‚quod
1959 4704 2213 4790 usque
2243 4676 2347 4775 ad
2377 4681 2745 4792 quintam
2772 4679 2987 4763 diem
3014 4679 3327 4790 augusti
3371 4676 3608 4758 rebus
3645 4671 3819 4755 aliis

1037 4825 1467 4919 occupatus
1500 4808 1965 4915 distulerat,
1999 4811 2414 4915 dominam
2443 4818 2974 4902 Katherinam
3013 4843 3377 4900 sororem
3412 4842 3634 4911 suam
3675 4839 3821 4907 no-
