4666 6014
1058 694 1200 762 222
1529 679 2219 760 CHRONICORUM
2266 678 2623 756 KAROLI
2676 680 2961 756 SEXTI
3003 684 3181 756 LIB.
3236 686 3360 758 111.

1941 957 2645 1043 CAPITULHH·
2678 961 2962 1047 XVII.

1751 1196 2155 1282 Flammingos
2184 1195 2472 1280 fugientes
2501 1189 2714 1260 Gallici
2744 1159 3153 1282 periequntqrff
3310 1169 3321 1180 ⁸

1049 1431 1066 1440 “
1167 1405 1318 1484 Die
1374 1404 1741 1514 proxima
1803 1418 1988 1509 post
2038 1402 2331 1483 festum
2368 1405 2621 1484 sancti
2676 1403 3004 1484 Martini
3062 1403 3481 1512 hyemali&
3538 1397 3847 1513 ingenti

1049 1559 1311 1649 strage
1386 1558 1704 1649 peracta
1735 1601 1756 1638 ,
1822 1541 2211 1621 universis
2284 1539 2692 1649 pugilibus
2740 1542 3080 1649 ‘signu-m
3140 1542 3495 1648 receptui
3557 1539 3794 1622 datur
3826 1605 3844 1639 ,

1052 1677 1403 1759 dominis
1460 1676 1564 1758 de
1611 1677 2004 1762 Couciaco
2055 1696 2142 1758 et
2182 1675 2542 1757 d’Albret
2584 1680 2978 1786 exceptiS,
3022 1680 3158 1788 qui
3202 1679 3400 1788 jussi
3442 1696 3641 1758 sunt
3694 1681 3845 1759 mi·

1053 1818 1266 1895 nime
1312 1816 1777 1912 subsistere,
1817 1841 2006 1923 ymo
2049 1809 2336 1896 eodem
2373 1831 2736 1894 torrente
2782 1809 3115 1896 fortune
3152 1815 3531 1895 ffis'tinare
3584 1812 3848 1928 adqre-

1052 1952 1305 2063 liquas
1353 1951 1843 2064 fugiencium
1898 1951 2253 2031 hostium
2301 1953 2574 2059 copias
2629 1949 3181 2072 reprimendas
3210 2014 3229 2047 ‚
3276 1953 3378 2031 n'e
3425 1981 3509 2031 se
3557 1955 3844 2042 iterum

1049 2071 1524 2168 adunarent]
1577 2088 1741 2188 Qui
1800 2115 2168 2170 successu
2224 2115 2618 2195 prospero
2695 2086 3072 2168 elaciores
3132 2088 3396 2167 effecti
3424 2151 3443 2187 ,
3505 2092 3842 2197 sumptis

1048 2255 1312 2306 secum
1347 2224 1959 2337 quadringentis
2000 2226 2504 2336 equestribus
2548 2225 2943 2324 loricatiS,
2988 2255 3227 2306 cursu
3276 2229 3649 2336 precipiti
3698 2258 3843 2340 'eos

1048 2363 1590 2472 impigerrime
1639 2379 2150 2474 assequatur,
2216 2387 2599 2472 moxque,
2662 2390 2891 2441 more
2938 2361 3839 2471 leonum‘rugiencium,

1047 2499 1436 2579 ferventes
1461 2501 1487 2542 ¹
1524 2499 1834 2578 infestis
1861 2497 2330 2607 cuspidibus
2351 2561 2370 2596 ,
2406 2499 2555 2576 hac
2588 2496 2767 2577 illac
2793 2497 3118 2602 vibrant
3140 2477 3364 2582 enses
3396 2513 3489 2581 εἴ
3508 2500 3836 2609 gladios,

1049 2636 1344 2716 Omnia
1379 2635 1748 2715 militaris
1780 2651 2065 2716 manus
2098 2663 2355 2744 prope
2374 2661 2666 2715 vesano
2695 2638 3005 2743 impetu
3028 2635 3233 2744 agit,
3267 2657 3349 2717 et
3378 2636 3842 2720 cadeucium
3960 2701 3987 2722 ,-

1047 2802 1334 2853 cruore
1379 2773 2000 2883 circumquaque
2051 2773 2180 2852 vie
2215 2771 2635 2852 et‘itinera
2670 2772 3168 2894 polluuntur.
3207 2776 3633 2886 Quotquot
3676 2803 3841 2856 sese
3896 2865 3911 2882 ⁸

1046 2911 1459 2992 turmatim
1481 2957 1498 2968 -
1517 2908 1978 3018 recolligere
2033 2925 2172 2988 aut
2237 2912 2450 2990 inter
2502 2883 2908 3015 salicesset
2956 2938 3236 3019 vepres
3284 2911 3406 2991 vel
3426 2993 3434 3000 ,
3457 2910 3838 3020 paludosa

1043 3048 1382 3126 frutecta
1419 3046 1881 3127 delitescere
1923 3048 2322 3147 nituntur,
2368 3050 2923 3156 experimento
2954 3049 3153 3130 alios
3184 3048 3636 3155 docuerunt
3678 3053 3838 3130 vir-

1043 3201 1296 3262 tutem
1328 3181 1764 3292 dispersam
1798 3168 2027 3265 facile
2070 3183 2318 3265 dilabi
2353 3214 2621 3294 posse,
2660 3185 3028 3264 ultimum
3063 3186 3627 3268 exterminium
3658 3188 3841 3267 sub-

1042 3337 1339 3401 euntes.
1367 3322 1729 3402 Fuerunt
1759 3339 1838 3403 et
1869 3321 2241 3403 nonnulli
2272 3325 2415 3434 qui
2445 3324 2655 3420 loca,
2700 3351 2858 3434 que
2889 3323 3177 3431 ymber
3200 3322 3593 3431 prodigus
3627 3326 3840 3404 inac-

1043 3456 1431 3538 cessibilia
1453 3458 1782 3557 fecerat,
1803 3474 2162 3566 petentes
2178 3521 2197 3558 ‚
2222 3460 2381 3541 huc
2409 3458 2593 3538 illuc
2619 3459 2965 3567 saltandi
2989 3460 3425 3567 agilitatem
3448 3478 3839 3543 assueta-m

1041 3620 1404 3676 exercere
1437 3597 1975 3696 conabantur3
2007 3595 2150 3676 sed
2186 3597 2425 3678 solito
2460 3596 2955 3677 diuturniori
2991 3626 3229 3677 cursu
3265 3615 3402 3676 aut
3433 3625 3839 3676 armorum

1041 3731 1403 3841 pondere
1451 3734 1805 3842 fatigati,
1866 3728 2262 3846 nusquam
2315 3751 2972 3845 comparuerunt,
3028 3734 3419 3814 submersi
3466 3736 3556 3812 in
3610 3737 3835 3845 aquis

1041 3868 1715 3977 profundissimis,
1755 3869 1849 3950 In
1885 3874 2451 3984 persequtione
2492 3891 2657 3953 tam
2696 3873 2946 3952 atroci
2981 3899 3148 3951 non
3184 3869 3617 3977 defuerunt
3656 3873 3835 3981 qui,

1041 4008 1244 4087 moti
1273 4009 1858 4117 compassione,
1896 4007 2254 4090 dicerent
2284 4012 2593 4091 miseris
2621 4012 2937 4117 veniam
2954 4007 3582 4091 exclamantibus
3612 4002 3836 4121 parci

1042 4172 1273 4254 posse
1289 4209 1308 4246 ,
1334 4148 1524 4227 satis
1554 4146 2096 4261 habundeque
2128 4148 2585 4229 rebellionis
2604 4151 2912 4229 crimen
2937 4148 3347 4255 expiatum
3364 4207 3382 4241 ,
3404 4175 3593 4235 cum
3614 4148 3838 4259 prin·

1042 4284 1330 4392 cipales
1355 4275 1729 4367 factionis
1761 4290 2033 4401 inique
2068 4262 2575 4388 cecidissent3
2621 4291 2761 4401 qui
2790 4284 3213 4367 redeuntes
3250 4286 3417 4365 fere
3447 4283 3832 4365 ducentos

1040 4421 1628 4535 relinquerunt,
1671 4428 1812 4537 qui
1851 4457 2103 4539 usque
2148 4427 2250 4507 ad
2292 4427 2479 4507 solis
2521 4452 2886 4507 occasum
2928 4424 3280 4504 habenas
3321 4451 3459 4503 sue
3491 4420 3832 4502 crudeli-

1040 4561 1226 4638 tatis
1253 4559 1741 4643 laxaverunt.

1153 4696 1598 4779 Numerum
1644 4698 2299 4779 occumbencium
2345 4696 2731 4810 fflgiendo
2784 4726 3123 4779 numero
3164 4695 3704 4781 resistencium
3748 4696 3832 4775 in

1116 4890 1131 4912 ¹
1181 4880 1318 4935 Var.
1354 4902 1368 4930 .-
1398 4887 1461 4937 η’
1487 4880 1664 4957 5960,
1697 4881 1796 4938 sol.
1839 4884 1926 4956 ⁴9·
1956 4900 2031 4951 v„
2072 4882 2359 4937 sevientes.
