4666 6014
1059 685 1201 758 520
1399 767 1412 780 ⁸
1519 673 2204 752 clinomconum
2251 672 2609 748 mou
2659 671 2944 747 sEx'n
2994 673 3171 747 Lm.
3226 670 3365 745 lx.

1056 827 1423 912 subditos
1450 854 1637 911 suos
1658 826 1897 908 solito
1919 827 2206 907 micius
2226 851 2311 906 se
2338 825 2725 906 habentes
2748 825 3307 905 enormitatem
3330 822 3847 924 tributorum,

1055 965 1558 1075 vectigalium
1586 982 1667 1045 et
1709 965 2216 1078 exactionum
2263 960 2877 1045 intollerabilem
2896 1024 2916 1062 ,
2963 990 3121 1074 que
3168 961 3696 1070 exigebantur
3747 963 3852 1042 ab

1055 1106 1167 1185 eis
1186 1164 1206 1202 ,
1254 1103 1742 1202 relaxarent3
1782 1103 2238 1214 scirentque
2287 1098 2373 1181 id
2414 1101 2810 1213 majestati
2853 1098 3124 1182 divine
3167 1124 3336 1179 non
3377 1081 3686 1207 placere
3704 1161 3724 1198 ,
3773 1118 3852 1180 et

1056 1237 1443 1353 quamdiu
1482 1240 1960 1338 levarentur,
2008 1236 2321 1319 tamdiu
2369 1237 2634 1348 proles
2677 1238 2895 1346 regia
2939 1235 3312 1318 existeret
3350 1234 3617 1317 brevis
3664 1238 3848 1317 vite.

1057 1378 1398 1459 Crucem
1446 1395 1712 1466 autem
1754 1375 2087 1457 rubeam
2140 1378 2226 1456 in
2257 1373 2594 1457 brachio
2615 1437 2634 1475 ,
2671 1374 3100 1458 vermiculo
3144 1371 3805 1458 rubicondiorem
3824 1437 3844 1472 ,

1057 1543 1227 1597 non
1256 1533 1477 1597 tactu
1507 1517 1863 1596 humano
1901 1514 2024 1596 vel
2065 1514 2584 1596 artificialiter
2617 1514 3041 1623 figuratam
3060 1574 3080 1612 ,
3113 1513 3201 1593 in
3228 1514 3586 1594 veritatis
3624 1515 3849 1594 testi-

1055 1655 1422 1734 monium
1464 1669 1740 1763 postea
1788 1652 2096 1733 cunctis
2146 1649 2521 1733 ostendit.
2577 1652 2846 1753 Quam
2892 1669 3161 1733 tamen
3199 1650 3594 1764 plerique,
3649 1680 3848 1762 pau-

1055 1816 1326 1898 perem
1351 1813 1780 1898 personam
1801 1788 2081 1896 pocius
2100 1815 2346 1899 quam
2367 1786 2634 1895 verba,
2654 1785 3069 1878 fortunam
3085 1786 3240 1866 viri
3262 1814 3502 1898 quam
3528 1787 3851 1896 signum

1054 1922 1556 2007 attendentes
1579 1987 1599 2025 ,
1654 1943 1737 2005 et
1791 1924 2087 2036 quibus
2145 1923 2535 2005 familiare
2593 1940 2715 2005 est
2777 1941 3047 2033 preter
3080 1922 3440 2012 divicias
3492 1924 3850 2014 humana

1055 2082 1343 2143 cuncta
1368 2062 1781 2172 spernere,
1810 2090 2068 2174 neque
2098 2063 2383 2144 virtuti
2426 2062 2698 2143 locum
2718 2078 3010 2170 putant
3037 2088 3206 2144 esse
3236 2062 3395 2144 nisi
3425 2060 3568 2142 ubi
3598 2061 3851 2142 effuse

1058 2199 1404 2282 affluunt
1441 2227 1634 2309 opes
1655 2261 1675 2298 ,
1703 2215 1797 2280 ut
1844 2200 1932 2278 in
1984 2200 2232 2290 curiis
2263 2197 2643 2279 mollibus
2669 2198 3135 2297 vestiantur,
3167 2214 3844 2307 contempserunt.

1057 2340 1227 2418 Rex
1273 2354 1538 2418 tamen
1558 2399 1578 2436 ,
1610 2333 2082 2454 mandatum
2117 2365 2286 2417 non
2322 2337 2433 2417 ob
2462 2336 2810 2417 auctoris
2849 2335 3383 2416 humilitatem
3426 2325 3846 2445 spernenS,

1057 2474 1256 2557 illud
1288 2475 1859 2585 benignissime
1877 2472 2184 2556 audivit
2201 2538 2221 2575 ,
2252 2494 2335 2556 et
2361 2477 2721 2587 quamvis
2740 2503 2909 2555 non
2933 2475 3384 2558 contineret
3409 2474 3845 2584 placencia,

1056 2613 1353 2693 nuncio
1387 2629 1653 2693 tamen
1686 2613 2079 2693 concessit
2110 2639 2504 2693 recessum
2531 2611 2900 2712 liberum,
2934 2611 3360 2722 peccunias
3390 2611 3845 2722 erogando;

1059 2769 1140 2830 et
1189 2769 1514 2830 narrata
1567 2747 1882 2860 placida
1930 2768 2198 2832 mente
2244 2768 2743 2859 pertractans
2758 2811 2778 2849 ,
2822 2769 2910 2832 ut
2953 2769 3125 2832 erat
3162 2751 3378 2832 bone
3412 2750 3709 2832 indolis
3758 2780 3847 2833 ac

1059 2888 1378 2997 pietatis
1411 2886 1879 2967 inexhauste
1895 2887 2267 2987 ,monita
2308 2886 2663 2968 salubria
2705 2888 3256 2998 complevisset
3272 2947 3317 2988 ,-
3335 2888 3491 2969 nisi
3537 2886 3847 2969 domini

1062 3021 1304 3104 duces
1340 3023 1642 3104 Biturie
1693 3040 1931 3136 atque
1973 3022 2468 3134 Burgundie,
2508 3025 2681 3136 ejus
2723 3025 2992 3135 patrui
3010 3087 3031 3126 ,
3076 3026 3598 3108 obstitissent.
3643 3026 3848 3108 Nam

1062 3160 1561 3242 attendentes
1588 3158 2012 3272 prodigam
2042 3163 2209 3275 ejus
2236 3188 2565 3247 manum
2592 3188 2800 3283 equo
2829 3164 3009 3273 plus
3049 3166 3356 3247 cunctis
3391 3166 3849 3247 munificam

1062 3300 1409 3378 erarium
1435 3299 1746 3407 regium
1775 3286 2251 3379 exhaustum
2279 3300 2684 3409 peccuniis
2708 3296 3178 3401 reddidisse,
3209 3303 3500 3413 spretis
3529 3305 3848 3418 penitus

1060 3436 1438 3534 monitis,
1472 3436 1680 3515 circa
1725 3434 1971 3523 finem
2017 3437 2344 3534 mensis,
2398 3436 2869 3527 auctoritate
2920 3439 3171 3549 ipsius
3219 3441 3670 3523 exactiones
3703 3469 3847 3550 per

1059 3599 1399 3682 regnum
1424 3590 1591 3653 tam
1619 3571 1922 3682 gabelle
1933 3571 2118 3653 salis
2142 3601 2382 3685 quam
2401 3574 3020 3684 imposicionum
3044 3604 3313 3658 rerum
3328 3577 3724 3659 venalium
3742 3575 3845 3660 ad

1064 3710 1393 3789 terciam
1443 3726 1756 3820 partem
1798 3708 2161 3799 fecerunt
2186 3707 2611 3801 ascendere
2627 3772 2648 3810 ,
2699 3710 2819 3799 ad-
2840 3711 3240 3823 stipendia
3281 3714 3447 3824 jam
3502 3712 3847 3796 adunate

1060 3844 1358 3926 milicie
1386 3845 1934 3955 persolvenda.
3824 3876 3829 3883 ·

1176 3980 1506 4065 Memini
1523 4001 1738 4065 ·tunc
1777 3984 2209 4066 nonnullos
2249 3987 2784 4095 interrogasse
2828 3985 2930 4067 aad
2973 3987 3171 4100 quid
3202 3987 3467 4069 fuerat
3495 4008 3839 4070 evocata.

1062 4117 1385 4221 Quibus
1434 4137 1515 4200 et
1560 4119 1766 4202 fama
1813 4124 2261 4205 communis
2296 4122 2699 4205 asserebat
2741 4121 3025 4205 ducem
3065 4124 3365 4206 Biturie
3409 4127 3521 4206 sic
3565 4145 3845 4236 optare

1062 4256 1630 4367 Aequitaniam'
1651 4257 2071 4339 reformari
2112 4261 2198 4340 in
2227 4259 2542 4361 melius3
2574 4276 2759 4354 nam
2801 4263 3084 4385 jugum
3121 4264 3631 4349 exactionum
3675 4292 3843 4344 non

1062 4389 1363 4505 absque
1384 4412 1793 4489 murmure
1819 4396 2409 4506 supportabant
2430 4395 2847 4510 Aquitani,
2877 4398 2959 4495 et
2984 4428 3086 4495 ne
3115 4398 3595 4493 rebellarent
3622 4403 3848 4483 time·

1062 4529 1225 4609 bat.
1274 4530 1431 4613 Sed
1485 4561 1709 4614 mens
1753 4530 1976 4617 ducis
2020 4531 2481 4645 Burgundie
2530 4537 2736 4618 circa
2766 4534 2994 4618 *aliud
3024 4537 3510 4631 versabatur.
3565 4538 3846 4648 Nuper

1063 4695 1407 4780 namque
1447 4666 1762 4754 ducissa
1784 4670 2122 4781 insignis
2147 4671 2607 4773 Brebancie,
2635 4675 2862 4765 senio
2890 4674 3252 4773 confecta
3268 4737 3288 4775 ,
3319 4672 3602 4774 eidem,
3618 4674 3845 4765 velut

1064 4802 1339 4898 heredi
1376 4804 1709 4899 ducatus
1750 4788 1931 4921 jure
1954 4809 2241 4907 uxorio
2257 4871 2278 4912 ,
2315 4813 2747 4922 scripserat
2766 4812 3092 4904 hostiles
3116 4810 3518 4900 discursus
3540 4810 3846 4893 Alema-
