4666 6014
1055 641 1218 751 '428
1534 675 2218 753 cHRoNlcoRUM
2268 673 2625 752 KARom
2672 675 2961 750 sssx‘rl
3010 677 3187 749 Lm.
3243 677 3403 754 vu.
3532 679 3541 692 ’

1075 856 1258 908 men
1311 827 1606 935 pluries
1638 828 2037 908 reiterata.
2083 819 2301 909 Nam'
2323 847 2591 938 preter
2620 856 2845 937 spem
2871 816 3024 912 hac
3054 831 3222 908 vice
3260 834 3870 939 arroganciores

1076 984 1155 1047 et
1194 966 1279 1045 in
1329 967 1867 1074 peticionibus
1907 969 2159 1077 magis
2215 969 2591 1050 excessivi
2633 997 2875 1079 quam
2915 970 3330 1048 retroactis
3371 966 3870 1078 temporibus

1076 1106 1380 1183 inventi
1432 1124 1675 1184 sunt.·
1701 1107 2073 1217 Dumque
2124 1136 2348 1187 more
2378 1135 2524 1186 suo
2572 1105 2967 1185 dilatoriis
3027 1105 3496 1215 ambagibus
3560 1137 3698 1216 sex
3730 1106 3868 1187 eb-

1079 1239 1608 1321 domadarum
1657 1246 1926 1351 spacio
1974 1261 2288 1351 tempus
2343 1247 2431 1323 in
2477 1272 2775 1323 vanum
2812 1261 3165 1323 tererent
3216 1245 3333 1351 (si
3373 1262 3640 1324 tamen
3680 1243 3875 1351 ipsis

1080 1381 1350 1459 insciis
1390 1399 1885 1489 compertum
1921 1379 2284 1461 nundum
2309 1381 2617 1487 habui),
2645 1383 2904 1490 pirate
2935 1401 3263 1490 semper.
3284 1383 3635 1495 quietem
3658 1383 3878 1460 exosi

1083 1517 1464 1625 gallicana
1517 1497 2094 1598 infestaverunt
2129 1520 2412 1599 littora
2441 1582 2460 1618 ,
2505 1520 2939 1628 piscatores
2980 1537 3060 1599 et
3100 1520 3295 1599 alios
3330 1517 3877 1598 incautos-nil-

1083 1683 1240 1765 que
1290 1656 1446 1734 sibi
1481 1657 1852 1735 timentes
1883 1674 2291 1764 ceperunt,
2329 1672 2410 1735 et
2443 1659 2528 1735 in
2566 1656 2939 1764 Angliam
2961 1659 3320 1766 captiuos
3347 1654 3874 1736 deduxerunt.

1085 1792 1387 1871 Iterum
1443 1765 1544 1871 de
1607 1793 2028 1872 maritimis
2090 1792 2414 1901 oppidis
2467 1793 2814 1889 CalesiO,
2873 1792 3098 1871 Brest
3145 1811 3225 1872 et
3274 1793 3581 1872 Cesaris
3640 1793 3881 1900 Burgi

1086 1930 1405 2038 Anglici
1448 1947 1859 2027 exeuntes,
1919 1927 2206 2037 predas
2237 1930 2661 2008 hominum
2694 1946 2774 2007 et
2808 1928 3202 2034 pecudum
3234 1947 3574 2037 egerunt
3594 1990 3612 2027 ,
3648 1926 3885 2008 auda-

1088 2069 1458 2177 ciamque
1523 2084 1916 2174 ponentes
1984 2070 2069 2145 in
2152 2065 2464 2145 consilii
2546 2062 3116 2162 diuturnitate,
3199 2063 3603 2176 quidquid
3660 2082 3883 2144 extra

1087 2205 1396 2283 munita
1435 2187 1786 2312 presidia
1813 2220 2251 2311 potuerunt
2284 2202 2636 2310 reperire
2661 2263 2680 2299 ,
2708 2199 2864 2278 sibi
2899 2198 3179 2281 dantes
3219 2202 3306 2280 in
3338 2199 3882 2310 direpcionem

991 2385 998 2390 1
1088 2359 1168 2419 et
1205 2338 1533 2449 predam
1555 2403 1574 2440 ‚
1616 2340 1775 2420 hiis
1810 2359 1891 2438 et
1917 2369 2170 2456 usque
2201 2337 2305 2419 ad
2338 2365 2717 2419 nauseam
2751 2338 3020 2418 onusti
3057 2325 3527 2447 indempnes
3559 2334 3661 2416 ad
3691 2365 3883 2449 pro-

1088 2481 1262 2589 pria
1306 2476 1741 2558 redierunt.

2024 2765 2697 2849 CAPITULUM
2758 2773 2917 2849 111.

1653 2980 1863 3041 Gallici
1891 3001 1951 3042 se
1978 2979 2294 3063 disponunt
2324 2982 2401 3044 ad
2431 2983 2922 3046 transii-etandum
2953 2985 3013 3042 in
3046 2983 3338 3066 Angliam.

1213 3188 1343 3267 Sic
1381 3185 1905 3297 Anglicorum
1946 3191 2346 3299 perplexis
2389 3191 2855 3300 ambagibus
2892 3187 3280 3289 fraudatis
3327 3190 3394 3268 F
3395 3190 3842 3299 rancigenis
3867 3255 3889 3291 ,

1099 3356 1238 3405 rex
1286 3328 1458 3405 sine
1503 3344 1847 3405 tractatu
1893 3325 2207 3408 rediens
2238 3331 2361 3408 vel
2403 3328 2784 3410 induciali
2826 3327 3094 3409 federe
3125 3390 3144 3428 ,
3181 3357 3327 3408 nec
3380 3356 3602 3409 secus
3650 3358 3912 3440 quam·

1099 3463 1437 3574 dignum
1472 3483 1644 3545 erat
1686 3465 2044 3546 infensus
2090 3467 2199 3546 ob
2238 3450 2516 3548 eorum
2553 3466 3093 3548 discursiones
3134 3466 3501 3565 hostiles,
3537 3494 3715 3577 cum
3762 3464 3888 3553 di,-

1102 3631 1282 3681 rum
1336 3603 1852 3709 impaciencie
1898 3602 2187 3683 vulnus
2221 3604 2559 3713 amplius
2605 3606 2814 3689 ferre
2858 3606 3262 3719 nequiret,
3306 3631 3488 3683 cum
3521 3601 3889 3711 palatinis

1101 3758 1338 3850 atque
1372 3742 1602 3848 regni
1649 3741 2121 3850 proceribus
2153 3772 2392 3851 super
2422 3742 2751 3853 agendis
2786 3741 3163 3851 deinceps
3197 3742 3476 3822 habito
3507 3740 3842 3820 consilio
3870 3803 3888 3836 ,

1102 3905 1497 3958 consensu
1527 3881 1888 3958 unanimi
1919 3866 2293 3959 conclusa
2323 3900 2454 3961 est·
2475 3881 3038 3961 transfretacio
3070 3878 3532 3986 Anglicana.
3584 3875 3709 3956 Ad
3738 3876 3893 3956 hoc

1106 4044 1375 4124 regem
1410 4016 1879 4126 principalis
1912 4017 2374 4125 impellebat
2407 4048 2661 4099 causa.
2696 4019 2904 4097 Nam
2935 4034 3014 4095 et
3046 4001 3289 4124 opere
3318 4015 3673 4123 precium
3704 4018 3890 4094 esti-

1107 4153 1380 4234 mabat
1428 4172 1520 4233 ut
1566 4154 1832 4234 hostes
1858 4217 1876 4252 ,
1930 4155 2092 4264 qui‘
2128 4157 2535 4264 sepissime
2596 4157 2749 4237 sibi
2804 4151 3462 4234 consuetudinem
3494 4153 3896 4234 faciebant

1110 4293 1578 4374 transeundi
1611 4295 1697 4373 in
1725 4293 2093 4395 Galliam,
2121 4325 2443 4377 suarum
2471 4313 2690 4375 metu
2714 4323 2986 4373 rerum
3014 4291 3236 4372 domi
3262 4293 3891 4388 continerentur,

1105 4433 1247 4513 ubi
1310 4429 1815 4513 adverterent
1865 4433 2217 4514 Francos
2284 4461 2516 4544 posse
2589 4450 2668 4511 et
2730 4428 3023 4510 audere
3083 4458 3301 4509 mare
3360 4447 3892 4529 transmeare,

1115 4599 1373 4681 neque
1391 4597 1703 4677 semper
1727 4590 2263 4652 assuescerent
2291 4570 2697 4673 invadere,
2723 4567 2862 4651 sed
2893 4566 3165 4649 invadi
3190 4569 3437 4648 eciam
3461 4563 3890 4646 interdum.

1110 4707 1383 4786 Sciens
1411 4728 1730 4818 quoque
1762 4697 2104 4801 erarium
2121 4711 2381 4818 regale
2410 4729 2606 4791 tunc
2629 4711 3103 4791 exhaustum
3137 4706 3544 4815 peccuniis
3566 4766 3584 4803 ,
3618 4702 3899 4783 adauc-

1113 4864 1355 4957 toque
1379 4875 1713 4927 numero
1740 4867 2313 4957 pugnatorum,
2342 4851 2651 4959 ingenti
2681 4862 2986 4931 summa
3014 4864 3339 4928 monete
3369 4848 3453 4925 in
3477 4840 3895 4954 stipendiis
