4666 6014
1026 655 1172 726 2921
1505 642 2189 721 CHRONICORUM
2241 643 2600 719 Kanum
2649 646 2935 723 sEle
2985 649 3161 726 ΗΒ.
3215 652 3343 731 Ν.

1024 807 1519 913 graciamros
1546 862 1565 900 ,
1615 798 1811 880 dum
1857 799 2344 907 ancipiti-um
2391 816 2475 879 et
2517 795 3044 882 herodiorum
3089 805 3361 888 volatu
3399 812 3832 920 aucupium

1023 957 1461 1038 exerceret,
1523 953 2044 1019 accesserunt.
2089 939 2161 1016 A
2197 963 2363 1048 quo
2400 934 2505 1016 ad
2558 937 2902 1046 primam
2940 967 3216 1022 vocem
3263 945 3603 1054 repulsi,
3647 977 3829 1030 cum
3878 989 3883 996 -

1020 1079 1121 1160 ad
1181 1096 1460 1161 votum
1515 1078 1761 1158 verba
1820 1104 1991 1158 non
2052 1073 2431 1162 cederent
2455 1138 2473 1174 ,
2534 1104 2685 1156 nec
2745 1096 3018 1188 gratos
3079 1107 3216 1160 eos
3276 1081 3614 1165 haberet
3641 1149 3661 1184 ,
3723 1087 3825 1168 ad

1021 1216 1305 1298 ducem
1364 1209 1825 1325 Burgund'ie
1852 1279 1872 1316 ,
1932 1213 2117 1294 data
2172 1216 2245 1295 ei
2300 1215 2774 1330 auctoritate
2836 1213 3160 1298 dicendi
3222 1249 3377 1331 que
3437 1222 3784 1333 placeret
3802 1290 3822 1327 ,

1018 1385 1206 1435 mox
1255 1356 1585 1436 remisit.
1634 1354 1756 1434 Ex
1809 1371 2004 1436 tunc
2059 1354 2296 1434 missa
2348 1381 2540 1435 voce
2591 1356 2971 1462 preconia
3022 1358 3497 1442 cohortibus
3554 1364 3826 1474 singu-

1015 1493 1115 1573 lis
1168 1492 1319 1572 sub
1380 1491 1773 1599 promisse
1833 1487 2302 1570 obediencie
2359 1489 2637 1608 debito
2694 1493 3204 1602 prohibitum
3242 1514 3420 1598 -est,
3485 1528 3587 1579 ne
3640 1505 3822 1613 quis

1019 1629 1395 1737 deinceps
1446 1627 1835 1709 assultum
1880 1627 2322 1708 inchoaret.
2366 1625 2605 1708 Unde
2644 1631 2878 1712 cunei
2918 1632 3281 1742 pugilum
3318 1664 3821 1720 murmuran-

1015 1786 1170 1865 ωε,
1208 1785 1300 1848 ut
1324 1795 1410 1847 se
1429 1764 1708 1847 vident
1744 1795 1792 1846 a
1828 1763 2228 1847 desiderio
2264 1763 2654 1864 fraudati,
2689 1764 2914 1849 ducis
2951 1770 3586 1855 abhominantur
3622 1803 3817 1857 con-

1017 1904 1283 1984 silium
1307 1966 1326 2003 ,
1389 1905 1653 2016 ipsum
1710 1904 1795 1984 in
1858 1919 2339 2013 perpetuum
2382 1900 2830 2013 dampnant
2852 1968 2877 2005 ,
2907 1907 3079 2018 ejus
3108 1912 3582 1992 memoriam
3636 1940 3831 1994 exe--

1015 2059 1380 2139 orantur,
1442 2059 1686 2122 orant
1746 2059 1842 2121 ut
1899 2067 2082 2122 cum
2148 2038 2574 2151 proditore
2633 2040 2838 2123 Jnda
2906 2044 2992 2124 in
3056 2047 3352 2128 eternis
3421 2047 3814 2130 incendiis
3938 2067 3949 2071 ’

1013 2182 1306 2282 habeat
1360 2183 1882 2292 porcionem.·
1917 2178 2298 2292 Sequenti
2362 2181 2613 2290 igitur
2663 2179 2870 2281 luce,
2925 2179 3257 2284 Gallici,
3313 2187 3454 2300 qui
3501 2187 3669 2297 jam
3715 2186 3825 2268 de-

1012 2320 1345 2399 victoria
1382 2317 1849 2429 sperabant,
1888 2319 2114 2431 quasi
2155 2318 2324 2398 vice
2365 2345 2586 2402 versa
2608 2315 2817 2399 ‘victi
2861 2319 3182 2402 cedunt.
3216 2322 3423 2406 Nam
3461 2325 3776 2438 Anglici
3795 2388 3826 2427 ‚.

1015 2475 1282 2538 erecto
1324 2457 1750 2568 supercilio
1770 2519 1792 2558 ,
1840 2459 1927 2539 in
1970 2475 2365 2569 apparatu
2404 2485 2799 2570 pomposo
2848 2456 2949 2540 de
2988 2459 3175 2541 villa
3216 2480 3597 2546 exeuntes
3634 2493 3821 2546 cum

1016 2600 1267 2680 carris
1329 2616 1409 2682 et
1471 2597 1860 2682 vehiculis
1906 2598 2217 2707 ingenti
2284 2595 2545 2714 preda.
2603 2602 2919 2683 onustis
2941 2662 2965 2701 ,
3026 2630 3171 2712 per
3230 2621 3493 2686 castra
3559 2603 3819 2688 media

1011 2736 1394 2844 hylarium·
1452 2753 1534 2816 et
1595 2738 1866 2847 sepius
1921 2764 2105 2817 cum
2173 2736 2509 2819 mitibus
2588 2735 3038 2840 derisoriis,
3114 2738 3220 2820 ad
3284 2744 3815 2849 ignominiam

1016 2873 1508 2959 Gallicorum
1558 2874 2044 2956 intermixtis
2067 2936 2086 2973 ,
2141 2874 2393 2955 libere
2442 2876 2958 2959 transierunt.

1992 3138 2664 3221 CAPITULUM
2729 3148 2827 3226 V.

1749 3378 1843 3447 De
1871 3378 2127 3461 quodam
2154 3378 2411 3460 predo„
2445 3380 2790 3440 nimam
2817 3392 3066 3440 mun-0.

1127 3585 1417 3665 Villam
1478 3587 1728 3694 igitur
1790 3586 2129 3694 ingressi
2175 3586 2240 3665 F
2243 3587 2709 3694 rancigene,
2767 3616 2947 3667 cum
3013 3589 3270 3694 ipsam
3328 3586 3568 3667 bonis
3633 3616 3807 3668 om-

1015 3723 1251 3811 nibus
1298 3724 1761 3807 exhaustam
1781 3785 1801 3821 ,
1867 3748 2013 3804 nec
2064 3726 2239 3804 auri
2291 3748 2440 3804 nec
2486 3727 2800 3834 argenti
2852 3726 3123 3835 copias
3174 3725 3601 3805 habentem
3617 3788 3636 3824 ,
3687 3716 3806 3806 vel

1008 3862 1572 3944 alimentorum
1612 3858 2217 3963 commoditates
2238 3923 2257 3960 ,
2290 3880 2430 3943 aut
2464 3884 2742 3971 greges
2760 3923 2781 3963 ,
2809 3863 2930 3943 vel
2977 3880 3335 3959 armenta
3353 3923 3372 3961 ,
3411 3881 3501 3943 ut
3532 3891 3806 3973 spera-

1013 4003 1235 4101 bant,
1262 4003 1768 4111 reperissent,
1799 4000 2170 4081 nonnulli
2202 3999 2455 4115 prede
2478 4000 2692 4083 avidi
2729 4000 2832 4082 ad
2865 4000 3378 4112 spoliandum
3407 4002 3804 4101 ecelesiaS,

1009 4139 1304 4252 quibus
1349 4169 1433 4220 se
1480 4142 1745 4251 gracia
1778 4137 2340 4253 consequende
2385 4138 2660 4220 salutis
2710 4139 3078 4219 mulieres
3125 4155 3206 4218 et
3257 4138 3567 4248 parvuli
3611 4168 3805 4220 conf-

1007 4278 1394 4376 tulerant,
1430 4306 1514 4358 se
1546 4278 2067 4375 convertunt,
2104 4306 2273 4358 non
2307 4274 2817 4391 ⁸attendentes
2858 4274 3261 4356 dicentem
3297 4264 3751 4387 apostolum
3785 4310 3801 4355 ε

1007 4415 1104 4495 Si
1145 4418 1323 4525 quis
1378 4417 1753 4527 templum
1808 4415 1968 4494 Dei
2016 4415 2465 4513 violaverit,
2524 4413 2925 4525 disperdet
2977 4415 3202 4494 illum
3257 4415 3525 4510 Deus,·
3584 4412 3847 4526 quod*

1009 4558 1098 4637 in
1150 4555 1376 4635 brevi
1441 4553 1928 4663 completum
1979 4571 2120 4635 est.
2196 4554 2415 4636 Nam
2459 4551 2659 4635 dum
2698 4550 3026 4665 quidam
3082 4550 3182 4633 de
3236 4552 3621 4661 gregariis
3673 4580 3802 4630 ar·
3889 4663 3901 4674 υ

1011 4695 1244 4775 matis
1308 4690 1740 4806 quamdam
1810 4689 2219 4775 ecclesiam
2280 4692 2527 4775 valvis
2592 4691 3025 4775 confractis
3094 4692 3502 4787 intrasset,
3564 4707 3643 4773 et
3702 4687 3805 4768 ad

979 4840 986 4849 “
1002 4831 1262 4941 jocale
1338 4829 1752 4947 quoddam
1807 4856 2140 4913 aureum
2213 4829 2695 4943 rapiendum
2723 4886 2757 4930 ,·
2792 4829 3013 4940 quod
3086 4827 3373 4911 devote
3448 4827 3805 4911 oblatum
