4666 6014
1077 654 1219 727 492
1547 650 2232 727 cunomcoaum
2279 645 2641 730 maon
2691 650 2983 752 snm
3027 653 3204 736 Lm.
3258 653 3389 732 ιιι.

1067 801 1490 884 ferendum
1516 821 1772 900 ratus,
1811 803 2146 883 ulterius
2171 804 2425 913 jussit·
2437 803 2853 884 traducere
2881 823 3223 884 armatas
3255 804 3632 913 legiones
3670 803 3883 885 Cum'

1070 958 1332 1020 autem
1358 938 1570 1049 apud
1604 940 1885 1032 Declin
1912 960 2098 1050 post
2131 941 2422 1022 festum
2453 927 2815 1022 omnium
2830 938 3313 1021 Sanctorum
3345 943 3870 1051 pervenisset,

1077 1082 1161 1156 in
1227 1059 1804 1187 campestribus
1856 1080 2371 1159 circumcirca
2430 1098 2687 1159 casua
2746 1080 3025 1158 metari
3095 1080 3477 1187 precepit.
3543 1078 3723 1181 Que
3780 1097 3874 1159 ut

1068 1213 1276 1292 ultra
1337 1213 1669 1293 liberius
1725 1217 2348 1323 pertransirent,
2403 1245 2666 1298 comes
2722 1217 2786 1295 F
2789 1212 3145 1312 landrle
3202 1216 3529 1295 emerite
3582 1216 3870 1296 milicie

1070 1352 1436 1459 premisit
1464 1352 1755 1430 merito
1805 1352 2381 1453 nominandos,
2424 1354 2793 1434 videlicet
2835 1351 3261 1433 dominum
3298 1351 3868 1466 d'Antouaing,

1070 1487 1587 1602 Guillelmum
1622 1486 2082 1570 bastardum
2122 1491 2762 1598 Lingonensem,
2792 1487 3210 1569 dominum
3241 1486 3341 1568 de
3373 1486 3869 1597 Burdegant,

1068 1626 1185 1704 La
1235 1625 1446 1705 Hase
1506 1624 1756 1705 filium
1807 1653 2040 1705 suum
2094 1627 2481 1725 nothum,
2537 1625 3053 1706 Eustachium
3105 1623 3205 1705 de
3266 1625 3716 1724 Borboni0,
3767 1624 3869 1706 ad

1069 1760 1513 1841 custodiam
1542 1764 1820 1870 pontis
1851 1760 1952 1841 de
1984 1763 2539 1862 Comminnes,
2576 1759 2816 1873 quem
2847 1762 3104 1844 amnis
3128 1762 3315 1843 Lilii
3354 1763 3639 1843 subtus
3675 1762 3873 1843 labi-

1068 1918 1236 1997 tur,
1305 1928 1473 1979 non
1526 1901 1989 1980 existimans
2046 1899 2314 1984 hostes
2367 1902 2531 2010 jam
2589 1917 2840 2009 ponte
2888 1900 3162 2009 potiri.
3230 1900 3402 1979 Jam
3454 1898 3557 1979 ad
3606 1900 3870 1981 locum

1071 2038 1350 2118 crebre
1404 2037 1898 2119 municiones
1952 2038 2016 2116 F
2020 2037 2569 2145 lammgorum
2612 2035 3110 2135 insederant,
3148 2063 3340 2118 non
3392 2038 3693 2149 absque
3751 2040 3871 2117 in-

1071 2176 1286 2283 genti
1344 2174 1700 2284 periculo
1761 2192 1843 2253 et
1891 2203 2199 2254 summa
2246 2173 2719 2254 difficultate
2769 2172 3275 2282 expellende
3327 2169 3480 2253 Sed
3539 2175 3723 2286 quia
3786 2181 3872 2254 et

1070 2310 1430 2392 difficilia
1498 2339 2028 2422 prorumpere
2074 2329 2285 2392 amat
2341 2313 2633 2416 virtus,
2688 2308 3155 2421 agrediendi
3208 2314 3535 2420 signum
3589 2309 3867 2410 datu‘r3

1070 2469 1149 2530 et
1196 2448 1390 2530 dum
1425 2447 1939 2559 cupidissime
1988 2450 2074 2529 in
2117 2449 2387 2532 hostes
2437 2448 2723 2529 Gallici
2768 2449 3296 2558 invehuntur,
3342 2449 3596 2529 initur
3637 2467 3870 2530 atrox

1071 2587 1454 2696 prelium3
1505 2585 1728 2697 quod
1780 2603 1994 2665 certe
2034 2588 2119 2666 in
2169 2586 2505 2695 longum
2554 2587 2725 2667 ibat
2777 2589 2990 2667 etin
3039 2589 3359 2667 irritum
3409 2586 3866 2687 desinebat,

1074 2727 1227 2805 nisi
1257 2724 1730 2805 Guillehnus
1762 2726 2301 2833 Lingonensis
2332 2744 2505 2806 arte
2539 2727 2895 2834 spacium
2927 2725 3470 2834 supplevisset.

1186 2863 1612 2980 Pergentes
1646 2885 1992 2973 namque
2021 2862 2403 2944 nonnulli
2439 2864 2662 2972 jussu
2696 2863 2867 2972 ejus
2897 2860 2995 2950 ad
3039 2849 3502 2941 molendina
3537 2862 3875 2970 propin-

1074 3029 1267 3112 qua,
1310 3000 1569 3079 amnis
1620 2997 1972 3079 medium
2014 2999 2199 3079 Lilii
2217 3062 2239 3101 ‚
2293 3014 2528 3112 qu‘em
2577 2997 2800 3081 vadis
2854 3001 3199 3080 transire
3224 3022 3400 3079 'non
3453 3017 3869 3105 poterant,

1074 3167 1256 3218 cum
1282 3138 1549 3247 parvis
1578 3137 1861 3217 cimbis
1893 3139 1979 3216 in
2011 3138 2247 3245 rippa
2272 3138 2644 3218 citeriore
2664 3139 2922 3219 amnis
2954 3138 3322 3236 inventis,
3349 3138 3435 3215 in
3454 3134 3874 3216 adversam

1074 3281 1394 3388 rippam
1447 3304 1535 3358 se
1588 3280 2172 3388 proripuerunt
2212 3281 2644 3369 successive
2664 3340 2682 3377 ,
2727 3276 3261 3357 renitentibus
3317 3276 3691 3356 hostibus
3733 3276 3871 3386 qui

1074 3417 1228 3496 tela
1273 3436 1354 3496 et
1401 3417 1726 3496 missilia
1782 3420 1869 3496 in
1921 3446 2056 3498 eos
2105 3418 2427 3498 fortiter
2478 3416 2977 3498 emittebant.
3024 3416 3144 3493 Ex
3195 3442 3359 3526 quo
3404 3414 3700 3493 factum
3756 3430 3875 3493 est

1076 3553 1298 3665 quod
1327 3554 1533 3661 ipsi,
1557 3554 1724 3669 qui
1769 3554 1848 3631 in
1899 3552 2367 3635 tollerandis
2397 3551 3004 3635 adversantibus
3041 3553 3067 3595 ¹
3107 3550 3393 3631 molles
3414 3566 3637 3648 sunt,
3685 3548 3871 3629 ilico

1075 3708 1295 3797 terga
1359 3705 1795 3771 verterunt.
1857 3686 1988 3769 Sic
2046 3692 2466 3798 enavigato
2531 3716 2768 3770 amne
2787 3753 2806 3787 ,
2869 3689 3365 3796 fugiencium
3411 3687 3698 3766 Gallici
3747 3713 3870 3765 se-

1074 3844 1378 3938 quntur
1435 3828 1808 3933 vestigia3
1859 3828 2000 3939 qui
2048 3855 2236 3907 sane
2289 3856 2567 3908 omnes
2619 3830 2967 3907 ruissent
3012 3823 3280 3933 gladio
3301 3887 3320 3923 ,
3372 3826 3531 3904 nisi
3582 3825 3875 3903 iterum

1075 3981 1260 4043 octo
1316 3963 1535 4043 milia
1600 3965 2007 4043 sociorum
2077 3993 2161 4044 se
2216 3964 2469 4046 Gallis
2520 3963 3131 4075 insequentibus
3185 3961 3687 4071 objecissent.
3744 3956 3874 4038 In-

1073 4119 1476 4182 stauratur
1506 4118 1701 4183 tunc
1740 4100 2085 4209 prelium
2108 4164 2126 4201 ,
2160 4104 2283 4212 cuj
2294 4131 2386 4181 us
2416 4100 2736 4212 pondus
2770 4100 3194 4209 opportuit
3230 4100 3372 4209 qui
3404 4097 3571 4207 jam
3618 4114 3874 4177 trans·

1078 4243 1334 4321 ierant
1357 4241 1566 4350 pati,
1598 4256 1680 4319 et
1705 4238 1970 4319 'facere
2000 4237 2100 4319 de
2134 4243 2599 4321 necessitate
2638 4241 3019 4319 virtutem
3061 4231 3549 4331 resistend03
3592 4231 3732 4312 sed
3780 4236 3870 4312 in

1078 4370 1298 4458 brexii
1332 4376 1468 4457 alii
1508 4394 1745 4486 atque
1773 4376 1909 4456 alii
1957 4348 2533 4459 transmeantes
2552 4439 2571 4473 ,
2606 4380 2692 4456 in
2741 4373 3089 4455 mediam
3128 4401 3295 4453 sese
3339 4370 3693 4452 terrifico
3727 4372 3873 4449 im-

1075 4534 1269 4625 petu
1307 4514 1824 4624 conjecerunt
1869 4516 2157 4612 aciem,
2201 4533 2279 4593 et
2321 4517 2523 4594 ictus
2562 4515 3184 4622 ingeminanteS,
3228 4512 3292 4590 F
3296 4506 3687 4618 lamingos
3721 4508 3868 4586 ite-

1079 4680 1256 4735 rum
1286 4653 1562 4760 fugere
1601 4652 2185 4759 compulerunt.
2287 4696 2294 4703 ·

1149 4845 1162 4866 ¹
1210 4794 1349 4892 Vara
1383 4860 1396 4889 ε
1428 4839 1491 4890 n⁰
1515 4832 1689 4909 5960,
1736 4833 1937 4902 soh-46
1959 4853 2035 4906 v.,
2059 4833 2516 4895 aduersantibus.
