4666 6014
1122 632 1264 705 640
1597 624 2276 700 CHRONICORUM
2327 623 2681 699 KAROLI
2732 619 3017 697 SEXTI
3066 617 3241 695 LIB.
3291 621 3394 695 X.

1126 796 1338 859 runt.
1382 779 1474 856 In
1514 804 1762 884 regno
1803 774 1944 855 diu
1998 773 2351 855 residens
2387 773 2746 856 ecclesias
2775 769 3297 870 cathedrales,
3333 771 3777 880 collegiales
3815 789 3894 854 et

1119 915 1597 996 monasteria
1638 911 1919 992 devote
1942 974 1961 1011 ,
2019 930 2111 991 ut
2165 914 2639 1021 apparebat,
2676 913 3222 1019 frequentanS,
3283 906 3585 988 ibidem
3623 909 3895 989 *hono-

1122 1054 1449 1133 rabatur
1480 1079 1522 1129 a
1557 1051 1882 1131 cunctis.
1918 1050 2118 1129 Nam
2152 1079 2483 1160 cappam
2511 1048 3035 1158 episcopalem
3057 1107 3075 1144 ,
3109 1044 3457 1125 sandalia
3489 1044 3889 1145 deaurata,

1122 1210 1202 1269 et
1236 1188 1630 1269 defferens
1660 1186 2024 1267 habitum
2058 1187 2828 1295 magnificenciorem
2861 1214 3100 1295 quam
3132 1185 3483 1291 episcopi
3514 1183 3847 1264 Francie
3868 1246 3886 1281 ,

1120 1353 1430 1433 semper
1469 1326 1715 1408 eciam
1755 1353 1930 1404 cum
1971 1327 2337 1403 comitiva
2376 1325 2708 1404 honesta
2746 1323 3301 1402 scutiferorum
3334 1320 3766 1431 equitabat.
3810 1320 3888 1398 ls

1119 1460 1539 1542 mediocris
1579 1478 1874 1540 stature
1919 1460 2299 1556 existens,
2358 1460 2690 1540 barbam
2743 1458 3136 1540 defferens
3180 1457 3618 1566 prolixam,
3659 1457 3890 1565 palli·

1123 1600 1316 1680 dum
1356 1595 2038 1679 vultum-habebat
2063 1596 2481 1704 nigredine
2514 1597 3082 1709 aliquantulum
3113 1594 3539 1693 suffusum3
3583 1596 3891 1676 incessu

1120 1756 1199 1817 et
1238 1736 1501 1818 ve‘rbis
1536 1736 1827 1844 graviS,
1858 1761 2171 1841 semper
2203 1763 2346 1842 per
2394 1736 2910 1842 interpretem
2949 1730 3460 1843 loquebatur3
3506 1760 3661 1840 que
3712 1762 3890 1812 cum

1120 1876 1411 1954 exteris
1440 1872 1809 1982 gentibus
1839 1888 1919 1952 et
1957 1870 2055 1951 de
2094 1871 2540 1984 longinquo
2587 1869 3082 1950 venientibus
3112 1870 3665 1967 convenirent,
3704 1870 3892 1948 Gal-

1127 2010 1319 2090 licos
1383 2008 1843 2104 seducebat,
1921 2006 2210 2115 quibus
2282 2009 2487 2085 inest
2547 2009 2926 2087 assentire
2996 2004 3233 2088 rebus
3298 2005 3891 2085 verissimilibus

1127 2148 1367 2226 cicius
1407 2173 1647 2257 quam
1685 2143 1980 2225 deceat.
3255 2159 3260 2164 ’

1132 2368 1139 2376 ‚
1232 2284 1445 2362 Dum
1485 2299 1747 2362 autem
1780 2282 2005 2389 regni
2048 2282 2408 2362 ecclesias
2452 2284 2844 2380 visitaret,
2903 2280 3003 2361 ad
3064 2285 3626 2362 monasterium
3679 2282 3892 2363 beati

1119 2420 1487 2527 Dyonisii
1531 2416 1907 2498 accedens
1931 2480 1950 2515 ,
2002 2417 2103 2497 ab
2151 2417 2441 2497 abbate
2475 2436 2553 2498 et
2593 2420 2984 2526 religiosis
3029 2419 3522 2500 familiariter
3562 2437 3680 2499 est
3719 2445 3890 2498 sus-

1122 2574 1438 2663 ceptus;
1492 2572 1572 2635 et
1619 2583 1792 2634 cum
1843 2554 2210 2662 reliquias
2252 2552 2753 2634 devotissime
2797 2553 3201 2635 adorasset
3227 2617 3246 2652 ,
3304 2554 3622 2635 tandem
3672 2573 3891 2635 stans

1122 2710 1303 2772 ante
1376 2691 1621 2771 altare
1691 2691 2108 2770 martirum
2185 2689 2599 2770 beatorum
2625 2752 2644 2789 ‚
2732 2690 3266 2770 beatissimum
3345 2689 3893 2800 Ariopagita'm

1121 2830 1597 2937 Dyonisium
1626 2828 2134 2907 Atheniensis
2188 2828 2566 2925 civitatis,
2609 2825 2816 2907 sedis
2873 2827 3461 2936 patriarchalis,
3504 2829 3892 2935 archiepi-

1121 2994 1448 3075 scopum
1501 2964 1852 3044 extitisse
1902 2991 2167 3044 coram
2217 2962 2591 3044 omnibus
2621 2962 3087 3063 affirmavit3
3145 2991 3380 3072 quem
3413 2964 3681 3045 multis
3725 2964 3891 3044 lau-

1121 3098 1360 3182 dibus
1414 3101 1836 3199 extollenS,
1876 3129 2054 3180 cum
2087 3101 2431 3181 Galliam
2469 3100 2768 3181 felicem
2807 3102 3100 3208 pluries
3150 3103 3673 3202 nominasset,
3709 3132 3890 3183 cum

1117 3257 1342 3319 tanto
1372 3266 1699 3319 munere
1726 3237 1968 3346 digna
2010 3257 2246 3336 esset,
2280 3236 2593 3318 addidit
2626 3269 2643 3318 ε
2680 3273 2718 3313 <c
2753 3239 2854 3318 Et
2886 3240 3243 3351 quamvis
3283 3240 3654 3319 omnibus
3686 3241 3891 3320 Gre-

1118 3412 1156 3450 «
1193 3380 1305 3457 cis
1362 3394 1644 3456 notum
1705 3376 1810 3456 sit
1862 3404 2151 3483 corpus
2215 3377 2562 3456 martiris
2615 3376 2938 3485 gloriosi
3012 3374 3309 3455 ibidem
3361 3378 3886 3485 requiescere,

1117 3550 1153 3588 «
1195 3513 1576 3594 habemus
1637 3531 1901 3593 tamen
1957 3540 2198 3620 penes
2248 3541 2397 3593 nos
2438 3515 2902 3623 corrigiam,
2958 3512 3466 3594 calciamenta
3510 3515 3756 3621 ipsius
3810 3534 3891 3595 et

1119 3686 1156 3725 «
1192 3653 1441 3732 eciam
1479 3650 1771 3731 multos
1829 3648 2080 3729 libros
2124 3679 2328 3762 quos
2383 3678 2622 3731 manu
2680 3652 3008 3758 propria
3066 3651 3419 3758 scripsit,
3484 3667 3563 3730 et
3608 3654 3748 3762 qui
3805 3653 3889 3730 in

1118 3825 1154 3863 «
1199 3789 1487 3868 Grecia
1529 3790 1614 3867 in
1655 3817 1940 3896 magna
1984 3790 2429 3869 reverencia
2460 3806 3054 3871 conservantur.
3089 3824 3128 3863 ω
3162 3788 3225 3867 F
3229 3790 3594 3899 inemque
3620 3788 3886 3872 verbis

1113 3927 1407 4005 faciens
1450 3942 1528 4006 et
1561 3923 2075 4006 devocionem
2115 3924 2544 4005 ostendens
2575 3954 2816 4037 quam
2857 3953 3040 4033 erga
3086 3941 3440 4004 sanctum
3499 3924 3885 4021 habebat,

1116 4069 1200 4143 in
1260 4065 1659 4144 ecclesiam
1700 4063 2046 4174 ejusdem
2098 4064 2395 4173 juravit
2450 4065 2596 4145 hec
2650 4065 2916 4144 omnia
2969 4062 3618 4162 transmittenda,
3671 4065 3735 4143 si
3786 4094 3884 4145 ex

1114 4192 1504 4310 religiosis
1546 4200 1872 4313 quidam
1914 4198 2504 4282 destinarentur
2543 4230 2718 4282 cum
2748 4228 2887 4298 eo;
2925 4198 3395 4312 addiditque
3425 4200 3838 4283 mendacio
3861 4266 3880 4298 ,

1114 4342 1180 4418 si
1206 4338 1491 4419 vellent
1528 4366 1789 4419 secum
1817 4366 2137 4419 manere
2161 4401 2180 4437 ,
2213 4367 2349 4419 eos
2378 4339 2709 4419 honeste
2741 4355 3113 4418 tractaret
3132 4399 3152 4434 ‚
3185 4357 3265 4418 et
3298 4355 3721 4448 antequam
3753 4337 3886 4419 de-

1114 4475 1458 4574 cederet,
1504 4502 1750 4556 unum
1794 4503 1888 4555 ex
1923 4460 2115 4583 ipsis
2148 4477 2595 4583 promoveri
2635 4474 2735 4555 ad
2789 4475 3552 4583 archiepiscopatum
3593 4504 3884 4582 procu·
3967 4586 3974 4591 θ

1114 4631 1347 4693 raret.
2294 4608 2299 4613 ’

1226 4752 1442 4830 Bona
1506 4751 1960 4830 intencione
2027 4745 2504 4833 videbantur
2559 4749 2988 4861 procedere
3042 4778 3200 4861 que
3255 4749 3592 4831 dicebat.
3662 4750 3882 4851 Qua-
