4666 6014
1117 660 1212 773 μ
1621 650 2304 729 cunomconvu
2351 650 2707 728 maon
2749 648 3041 731 sssxrl
3061 716 3068 721 .
3087 654 3266 731 un.
3317 654 3376 729 1.
3457 748 3463 755 ,

1109 804 1516 885 cacionem
1552 822 1791 902 esset,
1838 805 2050 883 inter
2096 801 2342 885 duces
2381 803 2634 884 effusa
2689 804 2949 912 gravis
3001 822 3128 885 est
3182 806 3642 901 contencio,
3698 802 3940 885 dum-

1109 941 1446 1052 quisqne
1498 943 1895 1020 intentum
1932 966 2160 1020 suum
2194 942 2708 1049 pertinaciter
2741 941 3191 1020 sustineret.
3249 941 3760 1021 Paulcminus
3808 958 3894 1021 se

1110 1078 1591 1187 interposuit
1641 1078 1923 1185 ingens
1963 1105 2143 1157 cum
2184 1076 2539 1185 periculo
2570 1104 2668 1156 ex
2699 1078 3059 1159 scismate
3097 1095 3368 1157 ortum
3395 1075 3850 1157 scandalum
3870 1138 3890 1173 ,

1107 1211 1300 1292 dum
1350 1214 1560 1292 inter
1616 1213 2059 1293 aulicorum
2121 1213 2546 1293 illustrium
2609 1213 2927 1321 agmina
2990 1212 3315 1292 alternis
3369 1212 3888 1322 disceptacio-

1107 1349 1345 1429 nibus
1387 1366 1853 1461 quereretur
1884 1351 2073 1461 quis
2129 1349 2545 1429 amborum
2585 1349 3149 1429 racionabilius
3183 1350 3643 1457 postularet.
3677 1351 3894 1428 Dum

1102 1485 1527 1565 sentenciis
1566 1481 2086 1565 dissimilibus
2125 1482 2542 1565 decertant
2557 1486 2836 1601 ,ginter
2880 1512 3175 1566 cuneos
3226 1486 3473 1565 eciam
3512 1486 3902 1565 militares·

1103 1623 1312 1704 circa
1347 1622 1693 1701 Par-isius
1728 1618 2164 1703 residentes
2194 1622 2398 1701 exiit
2433 1649 2699 1702 sermo
2739 1618 2840 1701 de
2892 1619 3393 1702 dissencione
3439 1618 3763 1721 ducum,
3813 1641 3894 1702 et

1103 1755 1299 1835 dum
1351 1759 1692 1868 quisque
1741 1753 2165 1836 dominum
2228 1758 2385 1838 sibi
2448 1755 2826 1839 dilectum
2874 1757 3228 1866 preferre
3284 1759 3574 1839 nititur
3615 1776 3716 1839 ,εἰ
3762 1760 3893 1867 jus

1103 1920 1372 1991 sunm,
1417 1894 1684 2001 sepius
1713 1895 1799 1972 in
1832 1896 2096 1973 minas
2127 1893 2391 1973 taliter
2431 1893 2960 2003 erumpebant
2992 1923 3011 1973 ε
3057 1928 3097 1968 (ε
3126 1895 3229 1974 Et
3260 1894 3603 1975 finaliter
3645 1922 3890 2002 opor-

1103 2062 1141 2101 «
1178 2029 1385 2109 tebit
1412 2047 1501 2109 ut
1538 2057 1663 2109 res
1703 2031 1854 2110 ista
1886 2030 2049 2109 alea
2082 2027 2331 2110 dubia
2366 2031 2863 2127 terminetur,
2895 2049 3182 2111 et·non
3214 2031 3596 2111 inanibus
3621 2031 3888 2111 verbis

1107 2200 1143 2239 «
1184 2163 1324 2245 sed
1352 2164 1805 2246 lancearum
1835 2165 2144 2246 infestis
2190 2165 2679 2275 cuspidibus.
2714 2200 2752 2240 >2

1220 2713 1314 2793 In
1356 2712 1575 2795 hane
1595 2715 2079 2797 sentenciam
2115 2708 2347 2799 ibant
2385 2714 2553 2795 fere
2599 2715 2869 2795 cuncti
2904 2714 3301 2822 regnicole
3324 2776 3343 2813 ,
3386 2672 3752 2796 timentes
3788 2744 3888 2794 ne

1105 2876 1443 2957 regnum
1477 2851 1595 2955 sic
1626 2848 2113 2932 divideretur
2145 2852 2233 2931 in
2264 2879 2352 2932 se
2398 2852 2601 2960 ipso.
2648 2846 2961 2931 Judicio
3002 2878 3322 2962 quoque
3361 2852 3886 2959 circumspec-

1104 3003 1412 3086 torum,
1466 2988 1652 3067 finis
1693 3015 1963 3068 rerum
2016 3017 2321 3069 summe
2347 2987 2812 3097 subjacebat
2851 2984 3337 3088 discrimini,
3361 2988 3576 3086 nisi,
3618 2986 3889 3082 divina

1107 3122 1533 3203 clemencia
1599 3123 2037 3223 mediante,
2109 3147 2265 3238 que
2331 3126 2571 3206 rebus
2646 3125 3280 3235 periclitantibus
3345 3126 3891 3250 competencia

1109 3259 1335 3340 novit
1390 3278 1665 3370 aptare
1724 3259 2107 3361 remedia,
2173 3261 2414 3343 duces
2473 3264 2561 3341 in
2618 3260 3050 3374 quosdam
3066 3240 3434 3345 timentes
3495 3241 3796 3341 Deum*
3807 3281 3890 3340 et

1108 3394 1415 3514 bonum
1447 3383 1700 3478 zelum
1733 3398 2118 3479 habentes
2157 3396 2259 3478 ad
2300 3399 2684 3478 unionem
2723 3425 3000 3478 eorum
3045 3399 3622 3478 convenissent.
3658 3397 3889 3478 Tunc

1109 3505 1319 3611 certa
1355 3550 1434 3612 et
1468 3533 1897 3614 sufficienti
1939 3534 2473 3614 submissione
2510 3533 2719 3613 facta
2758 3530 2859 3612 de
2890 3530 3280 3613 servando
3318 3530 3713 3645 quidquid
3744 3561 3889 3641 per

1108 3695 1245 3747 eos
1282 3664 1898 3748 determinatum
1937 3668 2181 3769 foret,
2244 3688 2325 3750 et
2381 3670 2892 3750 sacramentis
2937 3668 3221 3776 vallata
3240 3730 3259 3766 ‚
3306 3669 3592 3768 arbitri
3632 3685 3888 3748 atten-

1108 3801 1387 3884 dentes
1416 3833 1586 3884 rem
1605 3802 1913 3884 differri
1949 3834 2117 3885 non
2150 3804 2442 3890 debere
2461 3869 2480 3904 ,
2512 3802 2878 3885 nundum
2907 3821 3185 3884 exacto
3204 3802 3667 3912 quatriduO,
3698 3830 3892 3881 una-

1110 3940 1307 4019 nimi
1348 3969 1738 4020 consensu
1776 3944 2190 4052 sequencia
2225 3941 2771 4023 decreverunt.
2824 3941 2926 4019 Et
2971 3941 3238 4048 primo
3269 3956 3558 4019 etatem
3592 3938 3891 4044 regiam

1108 4104 1279 4157 non
1317 4078 1429 4158 sic
1469 4075 1885 4158 artandam
1924 4080 2650 4188 primogenitorum
2676 4078 2887 4186 lege,
2933 4077 3132 4188 quin
3171 4070 3684 4183 anticipando
3718 4101 3894 4181 pre-

1111 4213 1360 4294 fixum
1403 4214 1834 4294 terminum
1888 4233 2276 4323 potestate
2330 4216 2816 4324 sceptrigera
2867 4230 2950 4293 et
2997 4209 3395 4319 regalibus
3449 4208 3894 4316 insignibus

1111 4350 1402 4432 valeret
1422 4351 1819 4459 insigniri.
1854 4350 1981 4432 Ad
2019 4353 2554 4433 ministerium
2589 4351 2836 4430 eciam
2877 4343 3415 4456 peragendum
3449 4344 3633 4424 finis
3673 4361 3894 4424 octo-

1110 4489 1278 4570 bris
1317 4485 1647 4588 dicitur;
1689 4505 1770 4568 et
1803 4485 2128 4567 additur
2162 4486 2383 4600 quod
2415 4518 2460 4567 a
2492 4484 2829 4566 feodatis
2879 4481 3286 4561 nobilibus
3329 4482 3495 4590 regi
3547 4476 3892 4559 manuali

1110 4624 1487 4709 fidelitate
1527 4627 1918 4722 exhibita,
1960 4653 2061 4706 ex
2099 4644 2292 4708 tunc
2324 4624 2573 4705 civilis
2604 4641 2684 4706 et
2720 4620 3082 4702 militaris
3109 4617 3528 4729 disciplina
3567 4611 3887 4723 expedi-

1111 4757 1535 4877 cionesque
1586 4763 1864 4844 bellice
1925 4789 2069 4841 suo
2112 4759 2720 4842 moderarentur
2777 4757 3115 4880 arbitrio
3136 4819 3155 4856 ‚
3221 4775 3301 4836 et
3354 4752 3610 4862 sigillo
3668 4752 3891 4859 regio
