4666 6014
1081 646 1127 714 7
1128 645 1178 715 4
1577 641 2259 717 CHRONICORUM
2308 640 2665 714 KAROLI
2713 639 2999 716 SEXTI
3047 645 3223 716 LIB.
3277 646 3368 717 11.

1082 825 1119 863 «
1161 789 1262 870 ad
1315 811 1642 902 portum
1688 792 1965 873 salutis
2002 810 2081 870 et
2123 791 2679 902 warffiquillam
2712 789 3207 873 reduxerunt
3250 795 3681 872 stacionem
3704 855 3722 891 ‚
3756 793 3882 874 id-

1083 963 1119 1000 «
1162 931 1375 1009 circo
1409 930 1879 1009 auctoritate
1897 929 2586 1016 serenissimorum
2618 958 2896 1037 regum
2926 929 3337 1038 Hungarie
3364 948 3445 1008 et
3470 930 3880 1038 Hyspanie

1083 1101 1118 1139 «
1159 1068 1379 1146 missi
1410 1092 1702 1171 sumus.
1741 1064 1948 1147 Sane
1979 1067 2694 1183 circumspectione
2723 1065 2968 1176 digna
2995 1064 3274 1151 vident
3296 1084 3374 1149 et
3405 1065 3872 1147 cordialiter

1079 1238 1115 1275 «
1158 1203 1692 1310 ingemiscunt
1749 1201 1971 1314 quod
2014 1205 2527 1314 omnipotens
2584 1206 2800 1284 Deus
2854 1204 3297 1317 universale
3340 1206 3630 1284 malum
3654 1268 3672 1302 ‚
3715 1205 3872 1284 hoc

1078 1376 1115 1413 «
1157 1341 1624 1449 pestiferum
1668 1342 1951 1420 scisma
1972 1404 1991 1438 ,
2032 1343 2311 1457 utique
2373 1371 2686 1425 summo
2710 1372 2714 1377 ·
2738 1370 2981 1455 opere
3023 1339 3518 1439 deflendum,
3563 1340 3872 1421 tamdiu

1078 1513 1112 1549 (ι
1157 1477 1446 1558 durare
1491 1480 1924 1587 permittit,
1982 1497 2061 1558 et
2103 1479 2259 1560 hoc
2307 1479 2754 1588 potissime,
2813 1477 3034 1590 quod
3088 1476 3277 1559 inde
3327 1479 3536 1560 zelus
3589 1480 3868 1588 populi

1079 1650 1115 1687 <c
1158 1617 1575 1695 christiani
1610 1618 1983 1724 intepuit.
2022 1616 2339 1728 Ubique
2369 1619 2847 1725 voraginum
2880 1646 3350 1725 guerrarum
3384 1620 3687 1697 instant
3716 1592 3876 1696 dis-

1078 1787 1116 1825 «
1155 1752 1529 1850 crimina;
1579 1744 2041 1835 infidelibus
2097 1752 2486 1832 catholice
2518 1750 2706 1832 fidei
2754 1772 3030 1833 sancta
3083 1753 3365 1862 religio
3421 1754 3695 1833 habita
3752 1773 3870 1832 est

1076 1926 1113 1962 «
1154 1887 1544 1988 ludibri0‚
1588 1908 1668 1970 et
1708 1891 1860 1970 alia
1909 1891 2474 1971 intollerabilia
2527 1891 2730 1971 rn‘ala
2775 1892 3394 2004 subsequuntur.
3450 1892 3630 1991 Que
3681 1894 3870 2002 quia

1078 2062 1115 2100 <c
1155 2028 1514 2107 sciebant
1585 2025 2021 2137 procedere
2086 2031 2507 2110 occasione
2567 2029 2992 2110 amborum
3050 2002 3717 2110 contendencium
3770 2028 3870 2106 de

1076 2200 1112 2237 c<
1155 2182 1492 2274 papatu,
1555 2194 1659 2244 ne
1718 2167 1961 2246 variis
2014 2194 2296 2249 eorum
2345 2167 2824 2276 ambagibus
2880 2165 3427 2247 detinerentur
3489 2166 3867 2261 involuti,

1076 2338 1112 2375 «
1154 2301 1394 2401 ade0,
1446 2320 1537 2383 ut
1583 2304 1696 2381 ita
1751 2300 2107 2384 dicamus
2129 2368 2147 2402 ‚
2192 2303 2412 2417 quod
2463 2305 2674 2385 oculi
2730 2334 3009 2386 eorum
3067 2303 3737 2403 fascinacionibus
3792 2323 3871 2382 et

1077 2477 1113 2515 «
1152 2440 1379 2520 malis
1422 2440 1723 2520 coliriis
1770 2439 2112 2521 delibuti
2148 2440 2424 2521 videre
2465 2446 2899 2555 nequirent
2938 2443 3274 2523 solidam
3299 2443 3745 2538 veritatem,
3792 2460 3873 2519 et

1074 2617 1111 2654 «
1154 2582 1281 2660 cui
1315 2577 1859 2661 obediendum
1900 2598 2139 2678 esset,
2182 2611 2367 2661 cum
2397 2585 2793 2695 episcopis
2833 2601 2911 2663 et
2941 2585 3133 2664 viris
3174 2583 3712 2662 ecclesiasticis
3743 2610 3867 2660 re-

1074 2757 1111 2795 «
1144 2721 1418 2829 petitis
1444 2719 1750 2800 vicibus
1781 2717 2383 2801 celebraverunt
2410 2721 2761 2802 consilia.
2803 2724 2898 2802 In
2931 2716 3226 2834 quibus
3254 2716 3412 2801 fide
3436 2717 3868 2827 dignorum

1074 2893 1111 2931 «
1153 2858 1442 2956 relatu,
1489 2876 1568 2938 et
1606 2859 1749 2970 qui
1790 2858 1949 2937 fide
1995 2859 2307 2941 oculata
2343 2860 2886 2969 perhibebant
2923 2860 3511 2956 testimonium,
3562 2854 3866 2936 didice-

1075 3032 1112 3072 «
1154 3015 1348 3077 runt
1371 2993 1590 3106 quod
1614 3057 1633 3094 ‚
1664 2996 1796 3105 pie
1822 2996 2208 3078 memorie
2231 2995 2634 3103 Gregorio
2669 3024 2878 3104 papa
2905 2993 3338 3078 undecimo
3365 2996 3520 3076 vita
3548 2994 3827 3076 functo
3843 3060 3865 3092 ‚

1075 3160 1465 3242 «pereos
1490 3130 1592 3212 ad
1622 3160 1826 3243 quos
1858 3133 2175 3214 romani
2204 3130 2615 3240 pontificis
2650 3133 3107 3240 pertinebat
3131 3132 3422 3230 electio
3442 3195 3460 3229 ‚
3499 3130 3607 3211 ad
3637 3150 3866 3212 sum-

1076 3306 1112 3344 «
1153 3297 1375 3358 mum
1426 3271 2044 3350 ecclesiasticum
2097 3267 2439 3377 gradum
2491 3268 2870 3349 dominus
2926 3268 3301 3350 Urbanus
3355 3272 3735 3349 canonice
3787 3288 3870 3349 et

1078 3443 1115 3481 «
1160 3409 1511 3517 legitime
1550 3426 2042 3518 assumptae,
2086 3407 2617 3487 intronisatus
2676 3426 2757 3488 et
2810 3425 3241 3488 coronatus
3288 3408 3446 3487 fuit
3466 3469 3487 3505 ‚
3549 3410 3874 3486 nemine

1075 3583 1114 3622 «
1153 3545 1785 3645 contradicente3
1832 3548 2127 3626 iterum
2184 3564 2263 3626 et
2284 3559 2290 3574 '
2311 3544 2533 3659 quod
2578 3545 2951 3626 nonnulli
2996 3575 3094 3627 ex
3153 3545 3630 3626 electoribus
3682 3573 3865 3655 pre-

1076 3722 1113 3760 <c
1156 3683 1416 3783 dictis,
1440 3686 1833 3765 nescimus
1853 3714 2008 3796 qua
2036 3684 2241 3765 mala
2260 3686 2510 3765 animi
2539 3688 2911 3794 passione
2944 3684 3301 3796 impulsi,
3341 3682 3868 3792 dampnosam

1077 3859 1114 3896 «
1154 3827 1308 3905 toti
1347 3822 1689 3902 Ecclesie
1740 3820 2192 3903 secedentes
2247 3824 2331 3902 in
2388 3840 2699 3930 partem
2721 3885 2740 3920 ,
2797 3820 3218 3904 dominum
3265 3822 3711 3902 Robertum
3767 3819 3869 3897 de

1078 3999 1115 4035 «
1158 3962 1550 4042 Gebenna
1569 4022 1589 4059 ‚
1644 3943 1857 4040 olim¹
1879 3961 2200 4041 basilice
2252 3958 2679 4042 duodecim
2711 3960 3286 4071 Apostolorum
3331 3958 3866 4068 presbiterum

1078 4136 1115 4175 «
1156 4097 1643 4179 cardinalem
1667 4161 1685 4195 ‚
1719 4100 2185 4208 antipapam
2210 4098 2597 4198 fecerunt,
2641 4098 3124 4210 factumque,
3154 4094 3649 4202 malignitate
3681 4119 3867 4200 pro-

1077 4274 1114 4311 «
1158 4239 1335 4346 pria
1367 4265 1502 4315 seu
1530 4235 1867 4318 aliorum
1894 4239 2272 4336 versuciis
2304 4235 2613 4348 decepti
2639 4236 2761 4318 vel
2787 4236 3181 4346 utrisque,
3224 4244 3691 4343 sequuntur,
3725 4255 3865 4305 vo-

1077 4412 1113 4450 «
1157 4377 1439 4488 bisque
1478 4376 1887 4487 hucusque
1923 4394 2375 4474 suaserunt,
2409 4374 2666 4484 procli
2705 4369 2976 4453 dolor!
3005 4387 3290 4450 eontra
3333 4370 3746 4449 veritatem
3787 4382 3867 4442 et

1076 4551 1113 4589 «
1151 4515 1550 4626 justiciam
1581 4511 2100 4628 sequendum.
2123 4512 2402 4595 Sedne
2431 4541 2669 4622 super
2699 4511 2856 4592 hiis
2887 4512 3100 4589 notis
3120 4508 3357 4615 longe
3386 4506 3698 4617 lateque
3719 4531 3866 4614 per

1079 4687 1114 4725 <c
1158 4653 1439 4733 orbem
1476 4633 1925 4734 sermonem
1972 4653 2065 4732 in
2111 4651 2443 4761 longum
2489 4648 3091 4760 protrahamus,
3139 4645 3346 4724 hanc
3389 4643 3866 4722 relacionem

1079 4826 1116 4864 «
1155 4820 1512 4871 veracem
1552 4789 2022 4872 excellentes
2064 4790 2469 4898 principes
2511 4788 2766 4869 nostri
2809 4815 2961 4867 nos
2986 4771 3378 4868 miserunt
3416 4776 3867 4861 celsitudini
