4666 6014
1088 715 1232 784 402
1571 703 2259 782 CHRONICORUM
2305 705 2665 780 KAROLI
2715 691 3002 781 SEXTI
3052 707 3229 782 LIB.
3284 708 3414 787 Vl.

1985 978 2661 1062 CAPITULUM
2723 981 2980 1060 XIII.
3060 1005 3067 1012 ·

1649 1216 1738 1277 De
1761 1216 2155 1294 diminucione
2181 1218 2408 1281 decime
2437 1221 2773 1282 monasterii
2800 1218 2998 1280 sanai
3030 1217 3323 1299 Dyonisii.
3428 1223 3433 1229 ·

1203 1423 1560 1531 Propter,
1578 1451 2042 1531 guerrarum
2072 1425 2492 1533 voragines
2526 1425 3264 1535 mortalitatumque
3294 1441 3581 1533 pes.teS‚
3614 1453 3771 1537 que
3801 1427 3887 1506 in

1098 1589 1350 1669 regno
1381 1561 1449 1639 F
1454 1549 1720 1640 rancie
1752 1558 1892 1640 diu
1922 1562 2347 1670 viguerant
2375 1624 2394 1661 ,
2430 1563 2797 1644 omnium
2825 1561 3396 1643 beneficiorum
3426 1562 3891 1644 ecclesiasti-

1029 1759 1046 1778 .
1095 1717 1377 1778 corum
1403 1697 1747 1779 resditus
1776 1717 1856 1778 et
1886 1718 2324 1807 proventus
2354 1700 2695 1781 multum
2714 1700 3038 1781 fuerant
3054 1701 3460 1779 imminuti
3484 1762 3503 1798 ,
3541 1718 3621 1781 et
3649 1729 3892 1780 onere

1097 1835 1540 1916 inevitabili
1598 1834 2084 1930 deeimarum
2134 1815 2554 1918 annuatim
2590 1839 2913 1919 ecclesie
2964 1837 3345 1947 gallicane
3397 1838 3892 1920 intollerabi-

1103 1961 1300 2054 liter'
1327 1975 1925 2082 premebantur.
1980 1976 2185 2055 Cum
2235 1965 2517 2056 cordis*
2558 1968 3097 2056 amaritudine
3149 1993 3418 2055 mente
3461 1976 3726 2085 sepius
3770 2005 3895 2055 re-

1099 2111 1515 2218 volvebam
1558 2111 1777 2225 quod
1801 2175 1819 2212 ‚
1854 2105 2236 2225 quociens
2270 2114 2841 2223 imponebatur
2884 2115 3089 2192 on‘us
3132 2141 3403 2222 grave,
3446 2101 3896 2222 nongentas

1094 2252 1506 2358 sexaginta
1532 2251 1891 2362 quinque
1929 2250 2175 2332 libras
2198 2314 2216 2350 ‚
2253 2250 2641 2332 tredecim
2674 2248 3011 2356 solidoe,
3053 2269 3306 2330 mater
3342 2279 3511 2330 mea
3547 2251 3897 2330 Ecclesia

1007 2428 1011 2431 ⁴
1101 2387 1312 2494 beati
1373 2388 1744 2495 Dyonisii
1811 2369 2115 2468 solvere
2177 2388 2843 2498 compellebatur-3
2898 2406 3236 2497 propter
3296 2416 3494 2499 quas
3555 2386 3897 2495 grandes

1102 2551 1447 2602 summas
1489 2527 2058 2631 peccuniarum
2077 2587 2097 2622 ‚
2142 2543 2519 2631 argentea
2548 2554 2730 2604 vasa
2770 2542 2855 2605 et
2899 2524 3188 2634 jocalia
3221 2523 3574 2635 ejusdem
3602 2525 3900 2634 pluries

1101 2661 1638 2768 impignorari
1679 2663 2086 2768 conspexi.
2130 2657 2436 2740 Videns
2467 2657 2735 2742 autem
2764 2661 3241 2747 venerabilis
3269 2661 3516 2741 abbas
3545 2680 3623 2740 et
3651 2651 3898 2741 multa

1106 2796 1490 2904 religione
1549 2799 2027 2905 conspicuus
2047 2860 2067 2895 ‚
2118 2795 2499 2877 dominus
2546 2795 2821 2880 Guido
2869 2799 3238 2878 Moncelli
3262 2862 3280 2896 ,
3325 2801 3898 2878 monasterium

1110 2961 1342 3014 suum
1386 2936 1500 3014 sic
1552 2934 1800 3015 lesum
1825 2935 2277 3045 'plurimum
2319 2952 2400 3016 et
2445 2954 2892 3045 gravatum3
2953 2965 3135 3017 cum
3173 2936 3445 3017 multis
3485 2937 3899 3018 laboribus

1109 3091 1187 3150 et
1227 3076 1617 3181 expensis,
1655 3074 2373 3185 intervenientibus
2404 3077 2655 3155 eciam
2682 3077 2899 3185 regis·
2911 3076 3246 3155 Francie
3274 3076 3683 3184 precibus,
3717 3104 3900 3186 pro-

1007 3288 1014 3295 ,
1111 3212 1417 3290 curavit
1455 3229 1618 3290 tam
1649 3204 2173 3320 dampnosam
2205 3215 2708 3293 taxacionem
2739 3213 3102 3293 relaxari.
3232 3292 3241 3301 ,

1226 3347 1427 3428 Cum
1468 3346 1933 3429 difficultate
1968 3377 2254 3459 magna
2295 3348 2514 3462 quod
2544 3338 2967 3461 petebatur
3008 3351 3340 3459 collegio
3375 3381 3600 3432 sacro
3638 3350 3895 3431 cardi-

1112 3486 1436 3593 nalium,
1464 3488 1591 3566 cui
1610 3514 1783 3567 mos
1809 3504 2002 3567 tunc
2022 3505 2194 3567 erat
2216 3487 2318 3567 ad
2346 3478 2970 3569 ostentacionem
2990 3507 3340 3569 statuum
3359 3517 3526 3569 non
3547 3492 3897 3568 sarcinas

1113 3623 1619 3702 ecclesiarum
1668 3626 2027 3705 minuere
2079 3623 2219 3705 sed
2275 3654 2562 3734 augere
2580 3689 2600 3724 ‚
2647 3656 2999 3707 summus
3045 3627 3410 3736 pontifex
3459 3628 3895 3734 persuasit;

1113 3786 1276 3872 quo
1308 3757 1633 3840 tandem
1677 3763 2273 3859 consenciente,
2317 3765 2825 3843 taxacionem
2867 3767 3308 3875 antiquam,
3341 3783 3505 3843 tam
3533 3791 3685 3873 pro
3718 3792 3897 3843 cor·-

1114 3927 1314 4008 pore
1352 3898 1671 3984 ecclesie
1700 3927 1941 4009 quam
1971 3929 2126 4008 pro
2155 3900 2537 3981 membris
2567 3902 2738 4011 ejus
2770 3902 2855 3981 in
2889 3899 3210 4011 dyocesi
3241 3903 3664 3983 Parisiensi
3696 3900 3899 3982 dun-

1117 4055 1336 4116 taxat
1389 4036 2045 4134 consistentibuS‚
2089 4036 2346 4147 redigi
2389 4039 2665 4119 statuit
2706 4058 3099 4150 perpetuo
3143 4038 3246 4120 ad
3288 4069 3681 4120 summam
3711 4070 3901 4153 qua-

1117 4172 2143 4283 dringentarum’librarum
2163 4176 2750 4258 parisiensium.
2780 4180 2900 4257 De
2922 4178 3079 4257 hoc
3094 4178 3375 4287 papale
3399 4178 3905 4288 privilegium

1122 4313 1567 4394 confectum
1610 4314 1882 4395 abbati
1917 4333 1996 4395 et
2028 4320 2457 4398 conventui
2497 4293 2946 4417 destinavit,
2989 4320 3154 4427 qui,
3199 4348 3300 4399 ne
3342 4317 3441 4399 de
3473 4337 3699 4399 tanto
3726 4340 3927 4426 gra-·

1037 4554 1044 4563 .
1123 4452 1345 4533 tifico
1387 4450 1605 4532 dono
1660 4470 1739 4531 et
1778 4455 2247 4562 acceptabili
2276 4457 2577 4565 ingrati
2610 4453 3101 4555 viderentur,
3150 4486 3332 4536 cum
3364 4486 3532 4537 non
3580 4474 3907 4565 possent

1121 4591 1277 4668 nisi
1308 4591 1393 4667 in
1431 4588 1976 4697 spiritualibus
2008 4619 2527 4701 compensare
2555 4655 2575 4694 ‚
2627 4595 3115 4674 unanimiter
3155 4612 3607 4674 statuerunt
3634 4610 3726 4672 ut
3755 4621 3907 4701 pro

1125 4728 1303 4833 ipso
1328 4716 1413 4802 in
1431 4720 1649 4803 dicto
1664 4728 2148 4806 monasterio
2169 4731 2576 4838 perpetuis
2595 4731 3095 4840 temporibus
3111 4732 3527 4817 servicium
3559 4728 3905 4809 celebra-

1127 4880 1348 4941 retur
1370 4859 1830 4972 sollempne.
1861 4864 2136 4945 Abbas
2175 4868 2424 4953 eciam
2448 4867 2963 4969 reverendus,
2990 4867 3266 4948 videns
3298 4897 3378 4948 se
3412 4866 3514 4948 ad
3545 4883 3912 4977 optatum

1141 4980 1174 5013 ι
