4666 6014
1177 710 1269 776 22
1696 697 2378 775 CHRONICORUM
2430 694 2784 769 KARou
2834 697 3118 773 sssx'n
3168 703 3344 775 Lm.
3399 704 3460 775 1.

1174 854 1553 950 transire,
1603 852 2091 961 cupiensque
2128 848 2380 928 vitare
2423 875 2530 926 ne
2574 848 2702 926 cui
2751 848 2831 926 in
2886 849 3333 931 colluvione
3385 880 3652 932 rerum
3691 855 3975 965 majes-

1173 1008 1419 1069 tatem
1454 1016 1675 1069 suam
1722 986 2199 1067 contumelie
2233 984 2599 1083 offerret,
2648 1013 2784 1065 eos
2826 986 3141 1068 lenibus
3173 990 3439 1069 verbis
3476 986 3929 1073 demulcens
3951 1057 3968 1090 ‚

1170 1147 1248 1207 et
1278 1124 1747 1207 effrenacius
1783 1127 2239 1205 insistentes
2270 1112 2544 1203 sobria
2583 1126 2959 1205 oracione
2991 1127 3424 1208 cohercens
3447 1191 3465 1225 ,
3506 1128 3830 1211 tandem
3869 1130 3971 1211 ad

1172 1266 1321 1342 hoc
1351 1262 1766 1343 inclinavit
1790 1280 1880 1343 ut
1898 1291 2139 1372 super
2166 1261 2323 1341 hiis
2358 1264 2901 1373 inquireretur
2916 1262 3281 1344 voluntas
3315 1268 3504 1346 novi
3539 1269 3746 1376 regis
3777 1286 3970 1348 tunc

1171 1402 1549 1481 absentis.

1282 1537 1411 1616 Sic
1453 1566 1496 1617 e
1532 1535 1933 1649 colloquio
1977 1535 2441 1633 discessum3
2479 1553 2557 1614 et
2587 1563 2685 1615 ex
2718 1554 2911 1616 tunc
2940 1538 3335 1645 ignobiles
3355 1601 3386 1635 r
3410 1567 3549 1648 spe
3580 1540 3970 1621 libertatis

1164 1675 1419 1754 allecti
1443 1738 1461 1771 ,
1522 1703 1712 1754 mox
1774 1677 2059 1754 ineunt
2125 1691 2568 1753 nocturnos
2625 1691 2841 1753 cetus
2875 1735 2898 1771 ,
2959 1673 3268 1755 occulta
3337 1675 3730 1785 colloquia
3798 1696 3969 1757 tur-

1162 1813 1441 1891 matim
1487 1841 1670 1891 cum
1712 1812 2263 1892 commocione
2314 1812 2636 1919 capitis,
2692 1829 2955 1891 erecto
2995 1813 3460 1921 supercilio,
3517 1815 3970 1926 rigentique

1161 1952 1393 2047 facie,
1435 1950 1673 2030 stulta
1717 1969 1795 2029 et
1842 1949 2281 2058 periculosa
2344 1948 2868 2029 consiliabula
2921 1950 3426 2062 frequentare
3467 1952 3962 2060 inceperunt.

1164 2088 1257 2166 In
1285 2088 1579 2199 quibus
1605 2089 2215 2168 intumescentes
2240 2085 2654 2195 superbia,
2682 2085 3078 2165 nobilium
3097 2086 3966 2199 ecclesiasticorumque

1161 2228 1525 2304 virorum
1552 2224 2136 2334 exprobrantes
2179 2222 2543 2303 dominia
2570 2283 2590 2320 ‚
2637 2219 3429 2303 administracionem
3477 2224 3786 2303 civilem
3823 2255 3964 2335 per

1166 2391 1249 2441 se
1302 2362 1584 2440 melius
1640 2363 1810 2469 regi
1860 2389 2094 2471 posse
2142 2388 2385 2471 quam
2434 2387 2578 2466 per
2631 2356 3005 2438 dominos
3065 2361 3461 2439 naturales
3522 2361 3736 2440 fatue
3760 2361 3970 2472 judi-

1162 2499 1477 2578 cabant.
1524 2496 1927 2609 Quodque
1966 2495 2313 2577 deterius
2350 2512 2522 2575 erat
2547 2555 2567 2593 ‚
2613 2497 2971 2604 ipsorum
3006 2495 3522 2576 dominorum
3567 2504 3965 2609 prosperi-

1163 2630 1313 2716 tati
1339 2630 1788 2714 invidentes
1806 2695 1829 2731 ,
1859 2651 2292 2742 proventus
2324 2629 2858 2713 hereditatum
2881 2636 3054 2714 sine
3086 2632 3553 2715 difficultate
3576 2639 3959 2735 maxima,

1158 2791 1238 2854 et
1288 2769 1772 2883 quandoque
1833 2799 2247 2850 murmure
2299 2788 2382 2849 et
2420 2769 2684 2849 verbis
2735 2771 3184 2853 minacibus
3232 2772 3712 2853 intermixtis
3733 2836 3752 2870 ‚
3811 2776 3960 2852 mi-

1161 2912 1377 2989 nime
1406 2908 1988 3019 persolvebant.
2021 2908 2127 2986 Et
2155 2907 2657 3019 breviloquio
2682 2925 2916 2986 utens
2938 2969 2958 3006 ,
2991 2909 3293 2987 cunctis
3324 2925 3546 2988 tanta
3567 2908 3962 3019 cupiditas

1162 3075 1430 3127 rerum
1485 3045 2037 3127 novendarum
2101 3047 2570 3143 incesserat,
2630 3063 2722 3124 ut
2775 3044 3024 3124 nichil
3079 3046 3189 3124 eis
3244 3044 3346 3125 ad
3411 3046 3959 3128 rebellandum

1161 3203 1428 3296 preter
1469 3184 1756 3266 ducem
1787 3183 2054 3265 deesse
2080 3181 2511 3263 v1deretur.

2111 3449 2782 3531 CAPITULUM
2832 3435 3000 3530 111.

2202 3687 2294 3747 De
2320 3688 2701 3750 coronacione
2735 3688 2909 3769 regis.

1267 3919 1392 4001 Ad
1463 3921 2053 4002 sublimandum
2148 3951 2446 4002 novum
2515 3949 2781 4030 regem
2858 3922 2942 3999 in
3010 3921 3262 4029 patris
3325 3918 3526 3998 solio
3599 3919 3956 3997 instabat

1154 4059 1505 4172 prefixus
1545 4062 1973 4158 terminus;
2031 4088 2270 4172 quem
2330 4058 2495 4139 dux
2558 4088 2840 4167 regens
2892 4057 3190 4166 insigni
3239 4056 3607 4135 comitiva
3648 4084 3954 4163 pugna-

1150 4213 1420 4275 torum
1473 4197 1683 4276 circa
1756 4198 2100 4276 Parisius
2163 4195 2698 4276 residencium
2758 4213 3111 4276 statuens
3167 4191 3579 4287 decorare,
3643 4192 3964 4308 cunctis·

1142 4333 1394 4416 edixit
1417 4365 1606 4417 voce
1634 4338 2012 4445 preconia
2026 4398 2047 4434 ,
2069 4355 2167 4417 ut
2187 4338 2452 4447 ipsum
2493 4364 2745 4447 usque
2767 4337 3036 4415 Remis
3053 4335 3343 4414 armati
3377 4330 3941 4412 conducerent.

1140 4473 1427 4553 Adhuc
1473 4475 1625 4583 ipsi
1674 4475 1902 4586 jussu
1949 4476 2204 4583 patris
2247 4472 2673 4555 Meleduno
2732 4472 3262 4552 commoranti
3305 4471 3947 4579 acceptiss’unum

1137 4613 1292 4691 fuit
1337 4611 1711 4691 bellicum
1768 4630 2295 4720 apparatum,
2360 4639 2601 4722 quem
2652 4608 2794 4689 diu
2841 4627 3258 4719 optaverat
3292 4606 3602 4706 videre,
3649 4605 3751 4686 ad
3788 4606 3946 4685 hoc

1139 4766 1515 4856 patruum
1554 4748 2077 4846 conclusisse,
2123 4750 2515 4857 quoniam
2555 4775 2600 4827 a
2647 4748 3002 4857 puericia
3042 4745 3301 4826 nitida
3332 4765 3415 4826 et
3461 4743 3945 4852 refiilgencia

1140 4913 1354 4966 arma
1399 4888 1706 4966 cunctis
1740 4884 2050 4966 diviciis
2085 4885 2369 4968 mundi
2402 4884 2742 4966 duxerat
2769 4885 3317 4997 preponenda.
3353 4885 3521 4964 Nec
3549 4913 3593 4962 a
3636 4908 3943 4990 propo-
