4666 6014
1065 568 1216 644 494
1506 566 2200 646 CHRONICORUM
2237 565 2597 650 KAROLI
2644 565 2932 646 SEXTI
2979 567 3157 644 LIB.
3212 567 3403 646 vlu.

1064 720 1329 818 sibile,
1371 721 1457 800 in
1501 717 1725 800 brevi
1761 717 1973 798 fama
2002 718 2240 829 hujus
2278 717 2725 831 stultiloqui
2770 718 3117 800 Parisius
3166 736 3253 799 et
3295 719 3488 801 alibi
3537 738 3857 825 tantum

1067 857 1401 956 invaluit
1423 917 1444 954 ,
1501 853 1721 967 quod
1773 855 1952 936 hoc
1985 884 2279 936 nomen
2327 855 2711 936 Jacobitis
2770 867 3214 970 aptaretur,
3271 886 3362 937 ac
3418 857 3787 971 ubique
3764 890 3850 940 1n

1061 994 1498 1102 parietibus
1538 1011 1619 1074 et
1670 995 1882 1086 vicis
1929 994 2337 1102 publicis
2315 1024 2402 1077 111
2441 1021 2719 1092 eorum
2765 995 3301 1104 opprobrium
3336 996 3841 1082 scriberetur.

1058 1129 1293 1212 Unde
1315 1150 1396 1212 et
1433 1129 1763 1243 quidam
1793 1130 2279 1214 versificator
2308 1133 2423 1211 sic
2451 1132 2824 1332 scripsit:
3090 1207 3127 1236 ,

1772 1360 1988 1427 PmuA
2033 1379 2418 1428 mammo
2462 1383 2708 1427 con-nu
2752 1386 3139 1432 3113311008.

1468 1499 1594 1566 Per
1623 1514 1686 1566 te
1723 1496 1854 1567 lesa
1884 1496 2092 1582 fides,
2132 1499 2273 1566 veri
2302 1513 2727 1591 contemptor·
2741 1501 2989 1588 Huete3

1475 1614 1703 1761 Teque
1727 1626 1874 1681 tuos
1897 1610 2137 1684 resides
2167 1610 2407 1681 rodant
2429 1614 2625 1688 maris
2653 1613 2928 1706 horride
2963 1630 3135 1686 oete
3121 1614 3135 1662 ¹

2045 1775 2347 1842 Secumu
2392 1773 2822 1842 mammo:

1465 1913 1670 1980 Preco
1700 1912 1941 2004 loquax
1974 1910 2265 1997 sceleris,
2299 1935 2542 1980 nomen
2578 1907 2826 1979 sortiris
2857 1912 3101 1998 Hueti;

1457 2028 1626 2094 Ense
1656 2048 1807 2093 ruas
1834 2026 2057 2109 tereti,
2088 2026 2205 2117 qui
2228 2025 2486 2117 plebem
2509 2023 2734 2093 fallere
2759 2024 2955 2104 mrisl

2034 2192 2418 2260 Lamum-tm
2461 2192 2763 2268 Vmenus
2802 2218 2818 2258 ε

1339 2319 1344 2323 ’
1464 2317 1542 2395 ln
1573 2349 1706 2421 quo
1732 2328 1937 2419 Virgo
1958 2329 2121 2413 Dei,
2151 2342 2213 2396 te
2229 2379 2247 2412 ‚
2280 2326 2482 2395 fallax
2499 2378 2518 2413 ,
2547 2327 2693 2397 lesit
2713 2379 2734 2414 ‚
2762 2329 2972 2398 Huete
2992 2377 3013 2412 ‚

1462 2442 1625 2532 Ejus
1656 2456 1730 2511 ut
1751 2455 1819 2510 et
1851 2440 2009 2509 fidei
2040 2441 2409 2510 referantur
2431 2443 2649 2535 turpia
2678 2441 2759 2510 de
2784 2457 2847 2511 te
2872 2444 2903 2511 P
2947 2439 2956 2448 ’

1619 2579 1630 2590 ’
1957 2604 2437 2672 Aacuuemun
2484 2626 2522 2671 Α
2568 2629 2867 2673 ronclom
2897 2632 2915 2673 t
2977 2616 2987 2624 '

1465 2744 1646 2812 Intus
1677 2740 2104 2811 habundabas
2136 2743 2385 2828 heresi,
2425 2744 2542 2835 qui
2572 2742 2735 2812 falsa
2767 2743 3041 2813 sonabas
3069 2780 3074 2785 ·
3168 2743 3173 2748 ’

1460 2857 1671 2925 Aures
1706 2854 1790 2924 ad
1823 2856 1984 2971 cleri
2017 2858 2311 2926 consueti
2340 2879 2496 2924 vera
2529 2859 2726 2927 tueri.

1987 3022 2293 3089 anmu
2336 3042 2830 3089 nsscmnncmu
2861 3049 2878 3092 ε

1458 3158 1599 3224 Hec
1621 3155 1741 3225 tibi
1764 3158 1848 3225 sit
1872 3181 2118 3227 merces
2132 3208 2152 3242 ‚
2194 3160 2314 3251 qui
2344 3157 2606 3229 credere
2631 3157 2794 3226 falsa
2828 3158 3132 3229 coherces
3148 3209 3168 3242 ‚

1459 3270 1672 3360 Ignis,
1702 3271 2036 3367 spinarum
2069 3269 2337 3339 tandem
2362 3271 2596 3341 domus
2632 3286 2696 3340 et
2726 3272 3180 3363 tenebrarum-l

2307 3435 2538 3501 Auen.

1461 3574 1753 3665 Fingens
1785 3573 2036 3642 sincera
2070 3572 2150 3641 de
2181 3574 2455 3664 Virgine
2492 3572 2708 3645 dicere
2743 3599 2895 3644 vera

1456 3687 1687 3758 Falsus
1723 3688 1954 3757 doctor
1989 3688 2164 3787 Huet
2197 3688 2370 3779 ignis
2409 3688 2492 3761 ad
2524 3706 2673 3780 yma
2706 3704 2872 3763 ruet.

1985 4088 1990 4093 Φ
2050 3952 2616 4059 CHAPITRE
2685 3977 2832 4057 1x.
2899 4086 2907 4094 ,

1861 4262 1865 4267 .
1988 4212 2078 4275 De
2108 4213 2465 4281 dissensione
2496 4214 2896 4298 Anglicorum.

1166 4440 1334 4521 Sub
1366 4438 1650 4525 eodem
1671 4468 2062 4523 concursu
2090 4447 2503 4556 temporis,
2539 4472 2820 4529 rumor
2846 4442 3213 4555 publicus
3241 4442 3640 4529 referebat
3676 4442 3832 4525 dis-

1053 4575 1412 4659 cordiam
1473 4595 1769 4661 motam
1820 4607 1989 4661 esse
2034 4582 2245 4663 inter
2290 4578 2558 4692 regem
2593 4580 2881 4692 Anglie
2926 4600 3007 4665 et
3050 4580 3478 4669 avunculos
3532 4582 3828 4695 ipsius,

1050 4716 1278 4824 quia,
1311 4716 1601 4823 spretis
1631 4694 2079 4818 nobilibus,
2117 4720 2391 4801 omnia
2408 4721 2655 4830 tegni
2693 4717 2945 4807 ardua
2970 4719 3451 4833 ignobilium
3486 4714 3826 4803 consilio
