4666 6014
1167 698 1317 768 634
1650 680 2336 758 CHRONIGORUM
2385 679 2740 755 KAROLI
2790 673 3074 751 SEXTI
3123 675 3299 748 LIB.
3353 673 3456 746 X.

1171 861 1251 921 et
1283 856 1687 919 rectorem.
1708 835 1842 914 Sic
1871 848 2406 912 commentum
2443 829 2804 941 nequicie
2829 824 3246 909 mendacio
3272 824 3564 923 velans,
3591 822 3690 902 ad
3714 828 3956 932 patri·-

1172 974 1470 1058 cidium
1509 972 1869 1053 incitavit
1905 971 2268 1078 juvenem
2313 970 2844 1047 innocentem.
2884 965 3082 1044 Rem
3112 989 3431 1074 quoque
3470 959 3955 1070 nephandis-

1171 1117 1448 1194 simam
1484 1113 1569 1189 in
1599 1125 1856 1189 actum
1892 1104 2429 1217 perduxisset3
2470 1102 2610 1184 sed
2648 1131 2693 1182 a
2721 1101 2968 1182 fratre
3000 1099 3447 1207 illegittimo
3467 1160 3487 1197 ,
3528 1100 3654 1178 cui
3686 1101 3951 1178 omnia

1175 1250 1649 1329 revelaverat
1672 1307 1691 1344 ,
1754 1273 1938 1352 erga
2001 1260 2306 1351 patrem
2364 1258 2771 1322 accusatus
2791 1300 2809 1337 ,
2871 1265 3052 1317 cum
3099 1236 3504 1343 pulverem
3556 1253 3784 1344 patre
3836 1236 3957 1344 ju·-

1174 1387 1410 1465 bente
1461 1382 1988 1492 porrexisset,
2039 1396 2118 1458 et
2166 1379 2385 1458 hunc
2429 1406 2607 1457 cum
2658 1376 2963 1456 frustro
3020 1374 3380 1452 carnium
3421 1372 3505 1449 in
3546 1372 3956 1480 presencia

1176 1519 1519 1600 militum
1558 1519 1737 1598 cani
1788 1517 2199 1614 'tribuen5,
2252 1512 2561 1595 medius
2625 1513 3094 1624 crepuisset,
3162 1507 3415 1587 filium
3477 1503 3959 1615 adjudicavit

1177 1675 1437 1738 morte
1467 1655 1824 1764 dignum.

1288 2064 1412 2145 Ad
1453 2066 1958 2175 propositum
2011 2060 2328 2143 rediens
2352 2125 2371 2159 ,
2413 2091 2595 2142 cum
2645 2063 3119 2174 Aequitanie
3161 2060 3561 2142 baronum
3597 2074 3678 2136 et
3722 2058 3963 2136 eomi-

1187 2221 1358 2282 tum
1427 2201 1864 2281 amiciciam
1937 2216 2212 2279 mutua
2272 2200 2738 2303 visitacione
2817 2196 3272 2295 solidasset,
3339 2195 3575 2303 longe
3657 2192 3965 2300 lateque

1183 2339 1521 2447 patriam
1584 2339 1667 2417 in
1708 2336 1987 2415 melius
2041 2335 2547 2415 reformasset
2570 2398 2590 2434 ,
2651 2333 3106 2415 domesticis
3151 2328 3722 2420 ,revocantibus
3779 2351 3961 2408 eum

1187 2477 1397 2553 curis
1416 2536 1435 2573 ‚
1474 2471 1788 2553 rediens
1816 2472 2159 2551 Parisius
2194 2471 2618 2552 consilium
2649 2472 2925 2552 statuit
2952 2459 3472 2580 congregare,
3503 2485 3594 2549 ut
3630 2467 3962 2546 sciretur

1187 2613 1314 2690 cui
1357 2626 1621 2720 posset
1662 2609 2158 2690 committere
2195 2609 2552 2717 regimen
2590 2610 3030 2719 Aquitanie
3060 2607 3417 2688 ducatus.
3831 2590 3840 2599 ⁸

2115 2887 2778 2969 GAPITULUM
2839 2890 3041 2967 X11.

2186 3123 2274 3181 De
2304 3135 2490 3182 morte
2521 3121 2746 3183 Urbani
2775 3144 2946 3205 pape.

1301 3352 1676 3432 Urbanus
1700 3411 1719 3448 ‚
1786 3353 1927 3462 qui
1983 3376 2067 3429 se
2121 3352 2527 3459 hucusque
2587 3350 2899 3433 dixerat
2971 3380 3390 3433 romanum
3463 3353 3917 3462 pontificem
3945 3414 3963 3451 ,

1193 3490 1400 3570 diem
1437 3491 1780 3597 signavit
1816 3488 2208 3567 ultimum.
2245 3490 2436 3569 Post
2487 3492 2709 3600 cujus
2745 3490 3055 3570 obitum
3105 3488 3576 3586 cardinales,
3617 3491 3754 3601 qui
3804 3490 3962 3570 sibi

1192 3623 1662 3706 obedierant
1686 3685 1705 3719 ‚
1748 3622 1936 3704 dum
1970 3626 2054 3703 in
2087 3624 2458 3705 humanis
2507 3645 2774 3735 ageret
2798 3689 2816 3725 ,
2871 3624 3297 3739 quemdam
3347 3625 3963 3735 Neapolitanum

1193 3761 1517 3841 nomine
1570 3756 2019 3839 Johannem
2059 3759 2506 3867 elegerunt,
2566 3780 2647 3841 et
2681 3791 2867 3843 eum
2911 3760 3411 3878 Bonifacium
3457 3779 3959 3842 vocaverunt.

1196 3900 1387 3996 Hic,
1420 3895 1521 3977 ad
1556 3897 2023 3976 instanciam
2056 3896 2642 3997 Romanorum,
2683 3917 2775 3979 ut
2810 3901 3426 3980 christianorum
3463 3896 3792 3978 devocio
3835 3927 3970 3979 au-

1196 4049 1536 4141 geretur,
1615 4030 1964 4144 indeque
2022 4051 2349 4141 possent
2404 4032 2678 4133 ditari,
2733 4037 3047 4115 cunctis
3111 4034 3393 4115 devote
3461 4032 3964 4115 visitantibus

1195 4170 1407 4248 Petri
1452 4185 1531 4248 et
1566 4169 1787 4249 Pauli
1812 4169 2366 4278 apostolorum
2412 4172 2686 4253 limina
2720 4200 3087 4281 magnam
3135 4171 3724 4280 indulgenciam
3745 4233 3765 4269 ‚
3803 4199 3964 4281 que

1192 4303 1481 4386 accidit
1506 4302 1610 4383 de
1632 4305 2218 4413 quinquaginta
2242 4308 2331 4387 in
2363 4311 2947 4419 quinquaginta
2971 4334 3233 4388 annos
3249 4369 3268 4406 ,
3299 4309 3724 4406 concessit3
3747 4323 3836 4386 et
3865 4303 3967 4384 de

1193 4444 1498 4523 cunctis
1554 4441 2154 4523 christianitatis
2223 4446 2489 4554 regnis
2516 4508 2536 4545 ,
2597 4463 2938 4555 excepto
3001 4447 3333 4526 Francie
3395 4471 3679 4554 regno,
3733 4442 3960 4523 multi

1196 4606 1523 4690 peregre
1565 4579 1906 4686 profecti
1946 4598 2156 4660 sunt.
