4666 6014
1101 674 1193 746 68
1606 664 2289 739 CHRONICORUM
2340 663 2695 739 KAROLI
2745 666 3031 743 SEXTI
3079 669 3257 745 LIB.
3306 671 3365 743 1.

1098 822 1203 900 Et
1235 820 1392 898 hoc
1422 814 1687 897 edicto
1728 816 1947 924 regio
1978 817 2358 916 ParisiuS,
2401 817 2921 927 Rothomagi,
2954 820 3373 900 Ambianis
3393 880 3413 918 ,
3448 836 3530 897 et
3562 818 3892 903 famosis

1100 957 1554 1038 civitatibus
1593 955 1822 1063 regni
1868 955 2433 1064 proclamatur.
2477 954 2634 1036 Sed
2681 959 2888 1067 cives
2925 961 3358 1069 imperium
3387 975 3890 1068 contempse-

1101 1114 1294 1176 runt
1318 1156 1336 1193 ,
1378 1090 1802 1192 addentes»,
1835 1109 1915 1172 et
1951 1096 2017 1172 si
2058 1092 2628 1203 expedirentur
2672 1123 2982 1176 secures
3012 1094 3115 1176 ad
3157 1095 3644 1205 cogendum,
3676 1126 3887 1177 nun-

1102 1262 1343 1346 quam
1389 1250 1655 1311 tamen
1712 1233 1883 1311 sine
1934 1229 2123 1311 cede
2173 1232 2612 1313 multorum
2675 1231 3083 1313 decretum
3134 1263 3303 1315 non
3362 1253 3632 1344 posset
3691 1236 3882 1344 pati.

1102 1370 1405 1449 Omnes
1454 1397 1658 1448 onus
1707 1385 2072 1447 excutere
2119 1365 2348 1449 avide
2395 1368 2866 1477 cupiebant,
2911 1370 3210 1450 scilicet
3252 1370 3338 1450 in
3379 1371 3745 1451 libertate
3784 1373 3893 1451 vi-

1103 1536 1285 1587 vere
1324 1503 1908 1586 desiderabant.
1968 1506 2196 1585 Hanc
2236 1505 2808 1600 nichilominus
2855 1506 3252 1615 repulsam
3312 1506 3686 1589 dominus
3727 1506 3891 1589 dux

1106 1643 1695 1725 dissimulanter
1763 1646 2143 1729 sustinuit
2161 1707 2180 1744 ,
2248 1673 2350 1725 ne
2417 1642 2607 1723 inde
2679 1644 2924 1726 subiti
2992 1645 3239 1757 aliqui
3306 1664 3384 1727 et
3457 1649 3886 1756 perniciosi

1104 1800 1368 1864 motus
1408 1798 1925 1889 emergerent.

2049 3414 2724 3495 CAPITULUM
2792 3412 2945 3489 XI.

1144 3652 1449 3727 Quomodo
1482 3672 1586 3713 rex
1613 3650 1855 3711 Beatum
1886 3651 2232 3733 Dyonisium
2264 3653 2551 3726 visitavit,
2598 3663 2656 3711 et
2684 3650 2829 3731 quid
2869 3651 3012 3726 sibi,
3051 3647 3190 3707 dum
3227 3659 3560 3722 venaretur,
3591 3646 3852 3726 contigit.

1220 3883 1579 3963 Emensis
1606 3883 1868 3963 tribus
1890 3883 2298 3963 mensibus
2331 3913 2375 3964 a
2408 3884 2943 3964 coronacione
2973 3883 3217 3989 regiS,
3249 3907 3431 3959 cum
3460 3906 3504 3955 a
3536 3873 3902 3954 fidelihus

1106 4019 1269 4096 suis
1293 4046 1610 4099 morum
1646 4037 2186 4128 transgressor
2218 4020 2373 4129 maj
2386 4047 2621 4099 orum
2654 4017 3077 4114 diceretur,
3120 4018 3308 4128 quia
3350 4011 3732 4123 peculiari
3759 4038 3902 4118 pa-

1107 4172 1352 4238 trono
1377 4157 1441 4235 F
1445 4158 1712 4237 rancie
1734 4220 1753 4257 ,
1800 4157 2042 4238 Beato
2083 4158 2505 4265 DyonisiO,
2558 4156 2927 4240 nundum
2957 4153 3358 4236 oracionis
3401 4148 3765 4229 debitum
3795 4148 3909 4228 fa-

1032 4321 1047 4331 ·
1105 4293 1496 4375 mulatum
1531 4295 2070 4404 persolvisset,
2114 4296 2269 4375 hoc
2312 4298 2399 4376 in
2422 4299 2756 4406 propria
2789 4319 3121 4404 peregre
3156 4290 3432 4369 statuit
3471 4284 3907 4395 adimplere

1106 4457 1290 4509 cum
1351 4449 1825 4540 patruorum
1884 4460 2258 4533 suorum,
2319 4435 2783 4543 principum
2846 4448 2925 4509 et
2986 4429 3386 4508 baronum
3434 4425 3906 4510 electissimo

1109 4570 1497 4649 comitatu
1518 4632 1538 4668 ,
1579 4588 1659 4650 et
1695 4569 1959 4649 villam
1980 4633 1999 4670 ,
2048 4571 2571 4679 preeuntibus
2615 4569 2963 4680 equestri
3013 4564 3301 4646 ordine
3336 4560 3908 4672 burgensibUS,

1109 4732 1302 4784 sexu
1332 4735 1654 4819 quoque
1686 4709 2145 4816 promiscuo
2178 4705 2449 4789 laudes
2480 4709 2736 4817 regias
2766 4706 3286 4804 acclamante,
3332 4705 3732 4811 ingressus
3763 4713 3903 4775 est.

1110 4842 1234 4922 Ex
1266 4862 1460 4926 tunc
1490 4845 1982 4928 venerabiles
2004 4845 2255 4928 abbas
2285 4865 2367 4927 et
2395 4865 2833 4928 conventus
2865 4844 3156 4955 prefati
3190 4825 3694 4933 monasterii,
3735 4863 3910 4913 mo-
