4666 6014
1078 716 1218 787 248
1548 709 2227 784 CHRONICORUM
2279 710 2638 784 KAROLI
2690 710 2978 785 SEXTI
3027 714 3205 786 LIB.
3262 714 3388 787 111.

1082 896 1120 932 «
1162 863 1517 939 iancoris
1567 859 1887 957 nebula,
1925 858 2223 940 addens
2257 879 2522 942 tamen
2565 861 2815 1006 quod
2827 864 2895 941 si
2940 860 3478 995 recideveritis
3518 863 3860 971 amplius

1081 1030 1117 1068 <c
1162 998 1505 1102 graciam
1541 1023 1707 1074 non
1737 995 2092 1115 valere.»

1185 1549 1462 1628 Soluto
1493 1507 1735 1656 regali
1773 1548 2288 1650 consistoriO,
2321 1509 2791 1628 incarcerati
2831 1577 3108 1631 omnes
3134 1549 3605 1648 liberantur,
3633 1555 3859 1660 prius

938 1768 942 1772 ,
1071 1702 1333 1762 tamen
1417 1684 1818 1792 persoluta
1896 1653 2333 1792 peccuniali
2414 1686 2634 1792 gravi
2713 1683 2961 1765 multa
3051 1704 3134 1768 et
3213 1685 3316 1766 ad
3392 1687 3856 1780 facultatum

1071 1822 1431 1926 omnium
1463 1821 1810 1900 valorem
1859 1822 2243 1899 estimata.
2290 1820 2608 1921 Quibus
2645 1839 2726 1934 et
2756 1820 3353 1929 egredientibus
3390 1805 3853 1903 dicebatur:

975 1999 977 2001 v
1076 1991 1112 2030 (ς
1155 1957 1272 2034 Ex
1312 1957 1465 2035 hoc
1493 1960 1685 2066 ‘regi
1730 1937 2174 2064 regraciare
2215 1955 2523 2037 debetis
2544 2020 2562 2056 ,
2620 1927 2842 2068 quod
2882 1961 3044 2039 vita
3094 1986 3247 2067 pro
3295 1959 3532 2039 rebus
3572 1964 3851 2060 vestris

1072 2126 1108 2163 <c
1151 2090 1466 2171 caducis
1507 2091 2036 2193 condonatur.
2079 2127 2116 2166 ³)
2161 2092 2518 2172 Similem
2568 2094 3063 2180 exactionem
3122 2096 3290 2201 pati
3346 2097 3583 2174 ceteri
3646 2094 3851 2173 cives

1066 2246 1253 2307 sunt
1273 2231 1565 2325 coacti,
1603 2232 1743 2338 qui
1772 2229 2245 2324 centenarii,
2278 2230 2813 2334 sexagenarii,
2851 2232 3516 2339 quinquagenarii
3554 2248 3690 2309 aut
3718 2229 3850 2310 de-

1069 2367 1244 2444 cani
1270 2381 1630 2470 tempore
1654 2364 2229 2451 commocionis
2262 2351 2694 2442 extiterant
2725 2362 2845 2442 vel
2893 2362 3204 2442 diviciis
3232 2364 3845 2464 habundabant,

1062 2502 1320 2579 missis
1368 2498 1838 2586 satellitibus
1900 2500 2139 2605 regiis
2206 2500 2347 2607 qui
2409 2515 2779 2578 taxatam.
2820 2501 3284 2606 peccuniam
3308 2561 3327 2597 ,
3371 2483 3848 2609 pignoribus

1061 2638 1312 2743 captis
1332 2697 1350 2730 ,
1416 2633 1908 2745 direptaque·
1936 2636 2156 2712 omni
2210 2632 2672 2740 supellectili
2724 2651 3318 2743 extorquerent.
3379 2634 3615 2715 Unde
3667 2657 3845 2716 cum

1063 2772 1411 2879 graviori
1483 2769 1730 2853 multa
1794 2770 2302 2849 afficerentur
2371 2796 2613 2880 quam
2672 2767 3017 2865 deceret,
3081 2771 3292 2876 agris
3353 2774 3705 2878 paternis
3765 2791 3846 2851 et

1062 2910 1291 2986 avitis
1329 2909 1586 2987 exutis
1628 2909 1946 3014 penitus
1965 2967 1986 3005 ,
2035 2924 2272 3017 atque
2311 2904 2773 2984 domesticis
2802 2904 3073 3002 rebuS,
3113 2903 3216 2984 ad
3257 2903 3602 2990 inediam
3642 2933 3841 3015 paua-

1060 3028 1391 3150 pertatis
1448 3043 1830 3123 odibilem
1883 3042 2223 3123 finaliter
2287 3060 2881 3151 pervenerunt..
2928 3038 3170 3120 Gazis
3233 3044 3472 3150 regiis
3536 3046 3841 3125 incum-

1060 3180 1338 3258 bentes
1395 3172 1504 3261 'ex
1575 3179 1910 3259 infinitis
1967 3182 2080 3258 sic
2132 3178 2478 3258 collectis
2537 3158 2941 3286 peccuniis
2996 3179 3454 3259 asserebant
3510 3184 3840 3261 terciam

1060 3336 1370 3424 partem
1408 3315 1511 3396 ad
1544 3315 2294 3426 regis-commodum
2330 3345 2499 3395 non
2532 3317 2875 3413 venisse,
2916 3312 3054 3394 sed
3094 3315 3837 3448 residuumcapita*

1061 3455 1229 3532 neis
1289 3453 1649 3534 relictum
1700 3483 1851 3562 pro
1908 3455 2270 3563 pugilum
2309 3450 2913 3545 remunerandis
2958 3451 3411 3551 laboribus;
3454 3451 3673 3569 quod
3716 3471 3836 3547 tae

1061 3616 1238 3666 men
1275 3586 1708 3697 cupiditate
1737 3587 1958 3670 ducti
2012 3617 2251 3697 penes
2282 3617 2366 3668 se
2400 3590 2869 3685 retinentes,
2913 3589 3405 3685 occasionem
3442 3585 3837 3677 dederunt

1061 3721 1158 3802 de
1198 3725 1540 3803 Parisius
1583 3723 2038 3805 recedentes
2076 3727 2402 3833 rapinas
2436 3723 2709 3803 solitas
2747 3721 3191 3811 exercendi.

1948 3934 2626 4069 cAP1TuLuM
2694 3989 2933 4067 x1x.

2012 4220 2499 4304 Rothomagenses
2527 4225 2869 4303 puniuntur.

1162 4425 1328 4504 Sub
1376 4427 1571 4535 jugo
1614 4425 1824 4504 civili
1864 4453 1954 4504 ac
1993 4428 2240 4525 eciam
2287 4426 2680 4507 criminali
2734 4428 2848 4505 sic
2901 4426 3177 4504 matris
3224 4425 3549 4504 urbium
3598 4408 3825 4530 regni

1048 4561 1433 4640 submissa
1470 4562 1881 4670 superbia,
1945 4564 2030 4645 in
2078 4566 2557 4643 consistorio
2623 4544 3114 4672 principum,
3183 4589 3366 4669 rege
3426 4572 3820 4668 presente,

1048 4695 1456 4775 decretum
1493 4715 1612 4776 est
1641 4697 1983 4810 reliquas
2025 4727 2192 4779 non
2234 4699 2526 4780 debere
2571 4701 2724 4810 maj
2734 4701 2858 4778 ori
2906 4699 3403 4779 immunitate
3443 4695 3819 4803 gaudere,

1049 4831 1183 4911 sed
1240 4832 1548 4917 illarum
1589 4836 1875 4927 similia
1911 4837 2532 4950 intemperancie
2583 4836 2864 4923 delicta
2905 4835 3153 4917 multa
3193 4833 3429 4919 simili
3473 4820 3817 4940 expiari,
