4666 6014
1058 673 1199 745 ⁴48
1528 658 2214 739 CHRONICORUM
2264 657 2621 732 KAROLI
2672 658 2959 732 SEXTI
2999 660 3180 735 LIR.
3236 659 3363 732 111.

1168 815 1702 899 Condiciones
1732 830 2142 921 gratanter
2162 829 2243 890 et
2264 839 2449 891 cum
2482 811 2891 890 immensis
2924 813 3377 918 graciarum
3405 808 3863 889 actionibus

1056 971 1591 1066 acceptantur.
1628 951 2020 1062 Tuncque
2058 947 2436 1028 dominus
2468 949 2512 1027 J
2515 948 2874 1027 ohannes
2906 944 3007 1026 de
3034 946 3391 1028 Maresiis
3419 947 3507 1027 in
3539 946 3813 1028 lectica
3838 1008 3857 1045 ,

1056 1124 1239 1176 cum
1268 1090 1510 1202 pedes
1551 1091 1829 1170 sistere
1858 1088 2230 1199 nequiret
2249 1148 2267 1184 ‚
2312 1114 2460 1194 per
2489 1085 2830 1165 civitatis
2871 1081 3505 1197 deductus-bivia
3528 1144 3548 1183 ‚
3586 1112 3860 1194 regem

1053 1232 1558 1344 pacificatum
1607 1227 1927 1339 publice
1980 1222 2545 1336 promulgavit.
2605 1224 2798 1333 Ejus
2841 1241 3109 1303 tamen
3148 1216 3544 1302 voluntati
3595 1240 3674 1302 et
3724 1206 3859 1302 or-

1056 1369 1466 1450 dinacioni
1503 1367 1833 1447 minime
1874 1364 2518 1473 obtemperatum
2570 1379 2727 1462 est,
2775 1379 2870 1443 ut
2921 1360 3275 1442 decebat.
3332 1362 3509 1441 Jam
3565 1390 3861 1472 prepo-

1054 1511 1252 1589 situs
1313 1506 1783 1586 Parisiensis
1850 1504 1991 1616 qui
2052 1502 2546 1613 majestatem
2614 1500 2919 1609 regiam
2986 1499 3329 1581 leserant
3404 1497 3861 1599 detinebat3

1051 1644 1191 1728 sed
1238 1673 1422 1725 cum
1468 1642 1903 1723 nonnullos
1951 1670 2049 1721 ex
2081 1642 2277 1750 ipsis
2319 1637 2955 1750 condempnatos
3007 1636 3109 1719 ad
3159 1636 3641 1748 supplicium
3676 1635 3864 1718 duci

1053 1784 1580 1894 precepisset,-
1615 1808 1825 1891 mox·
1862 1777 2226 1891 undique
2267 1778 2523 1858 facms
2563 1797 2690 1877 est
2742 1806 3175 1859 concursus
3215 1776 3499 1888 populi
3538 1776 3865 1857 terribi-

1051 1922 1233 2002 liter
1273 1920 1687 2001 clamantis
1728 1916 2194 1999 scandalum
2231 1945 2402 1999 nnn
2444 1945 2679 2026 posse
2726 1918 2896 2027 pati
2940 1934 3032 1997 ut
3077 1914 3177 1996 de
3229 1932 3453 1995 tanta
3497 1914 3863 1995 multitu-

1054 2058 1246 2139 dine
1280 2058 1601 2168 justicia
1644 2057 1872 2137 fieret
1911 2075 2077 2137 tam
2110 2073 2499 2136 recenter.
2544 2056 2849 2136 Iterum
2899 2055 3203 2167 ubique
3246 2071 3514 2134 motus
3556 2054 3745 2135 novi
3784 2071 3864 2133 et

1051 2197 1488 2307 perniciosi
1522 2195 1806 2306 procul
1839 2194 2091 2276 dubio
2122 2196 2670 2295 emersissent3
2712 2192 2852 2274 sed
2883 2221 2979 2273 eo
3011 2220 3263 2303 usque
3292 2220 3434 2272 rex
3467 2191 3863 2272 excelsum

1052 2337 1426 2418 submisit
1457 2335 1853 2433 animum,
1887 2351 1980 2414 ut
2017 2335 2375 2414 mitteret
2413 2333 2555 2445 qui
2593 2335 3008 2443 preposito
3050 2331 3479 2411 Parisiensi
3507 2328 3866 2445 precipe-

1051 2492 1236 2554 rent
1265 2473 1670 2584 justiciam
1706 2452 2068 2570 differri3
2112 2489 2195 2551 et
2233 2472 2594 2583 quamvis
2629 2470 3186 2581 obtemperare
3221 2470 3436 2550 visus
3465 2469 3607 2567 sit,
3638 2467 3865 2576 jussu

1052 2630 1324 2693 tamen
1364 2611 1625 2719 regi0‚
1663 2607 1972 2689 occulte
1998 2637 2144 2718 per
2184 2609 2482 2689 multos
2521 2602 2692 2691 dies
2728 2609 2962 2689 multi
3007 2635 3285 2688 eorum
3330 2608 3418 2686 in
3465 2607 3752 2723 aquis
3729 2633 3864 2686 ve·-

1052 2745 1562 2829 hementibus
1602 2763 1793 2827 sunt
1830 2745 2252 2826 submersi.

2030 3017 2704 3100 CAPI-TULUM
2771 3022 2869 3103 V.

1705 3203 1921 3316 iterus,
1949 3255 2161 3316 summ
2188 3268 2470 3320 tractatur
2498 3254 2571 3316 de
2596 3255 2863 3315 levandis
2891 3254 3188 3316 subsidiis.
3247 3223 3280 3338 ‚-

1165 3460 1296 3541 Sic
1345 3459 1467 3541 ad·
1492 3458 1942 3542 evidentem
1987 3463 2196 3570 regis
2240 3479 2321 3541 et
2367 3460 2945 3544 avunculorum
2998 3460 3169 3570 ejus
3212 3460 3595 3571 injuriam
3636 3462 3858 3540 Pari-

1050 3600 1344 3679 sienses
1386 3627 1748 3680 excessus
1789 3598 2444 3708 augmentabant.
2484 3598 2851 3680 Predicta
2895 3617 3162 3680 tamen
3205 3599 3862 3680 inconveniencia

1049 3734 1764 3846 tamdiu.tollerare
1795 3734 2343 3818 subsidiorum
2373 3737 2888 3848 publicorum
2912 3737 3249 3847 cogebat
3280 3734 3640 3834 aviditas,
3677 3764 3857 3847 que,

1048 3892 1139 3955 ut
1170 3876 1462 3954 iterum
1501 3874 1988 3977 levarentur,
2032 3903 2174 3956 rex
2213 3875 2700 3988 quibusdam
2734 3907 2834 3958 ex
2847 3876 3474 3988 ·potencioribus
3514 3867 3857 3954 urbibus

1050 4014 1280 4121 regni
1326 4010 1542 4092 diem
1587 4012 1798 4094 dixit
1851 4015 2060 4095 circa
2105 4014 2461 4097 medium
2505 4016 2816 4126 aprilis,
2870 4034 2965 4097 ut
3003 4012 3220 4126 apud
3263 4010 3858 4122 Compendium

1050 4147 1513 4230 accedentes
1573 4152 1977 4265 colloquio
2035 4156 2258 4263 regio
2314 4153 2793 4236 interessent
2841 4183 3081 4263 super
3147 4154 3303 4234 hoc
3346 4149 3851 4237 celebrando.

1049 4288 1283 4369 Tunc
1327 4288 1480 4370 sub
1528 4288 2012 4400 compendio
2072 4290 2378 4373 dictum
2424 4293 2580 4374 fuit
2620 4295 2830 4403 regis
2875 4292 3299 4373 consilium
3343 4289 3856 4370 uniformiter

1048 4428 1345 4508 sentire
1398 4429 1573 4512 sine
1628 4431 1823 4540 ipsis
1882 4457 2077 4532 non,
2109 4461 2344 4540 posse
2405 4432 2867 4538 continuari
2919 4458 3245 4539 guerras
3298 4431 3382 4509 in
3440 4455 3691 4537 regno
3743 4428 3858 4507 vi-

1049 4584 1324 4675 gentes
1344 4629 1363 4665 ,
1408 4596 1558 4648 nec
1599 4567 2000 4679 stipendia
2046 4589 2593 4681 pugnatorum
2611 4633 2630 4671 ,
2684 4571 3076 4682 talemque
3117 4568 3609 4651 voluntatem
3646 4568 3857 4675 regis

1048 4730 1250 4802 esse,
1283 4722 1376 4786 ut
1406 4731 1726 4786 cursum
1754 4734 1987 4787 suum
2015 4707 2408 4790 haberent
2439 4709 2645 4790 sicut
2668 4728 3034 4820 tempore
3072 4707 3323 4817 patris
3347 4707 3476 4790 sui
3496 4767 3514 4803 ,
3549 4722 3630 4784 et
3658 4699 3855 4815 quid

1050 4867 1288 4950 super
1364 4842 1520 4923 hoc
1590 4842 1929 4925 dictaret
1991 4848 2303 4931 animus
2367 4847 2870 4958 singulorum
2931 4846 3180 4926 libere
3250 4841 3851 4953 profiterentur.
