<?xml version="1.0" encoding="UTF-8"?>
<!DOCTYPE html PUBLIC "-//W3C//DTD XHTML 1.0 Transitional//EN"
    "http://www.w3.org/TR/xhtml1/DTD/xhtml1-transitional.dtd">
<html xmlns="http://www.w3.org/1999/xhtml" xml:lang="en" lang="en">
 <head>
  <title>
</title>
<meta http-equiv="Content-Type" content="text/html;charset=utf-8" />
  <meta name='ocr-system' content='tesseract 3.04.00' />
  <meta name='ocr-capabilities' content='ocr_page ocr_carea ocr_par ocr_line ocrx_word'/>
</head>
<body>
  <div class='ocr_page' id='page_1' title='image "./chroniquedureli00frangoog_0738.png"; bbox 0 0 4666 6014; ppageno 0'>
   <div class='ocr_carea' id='block_1_1' title="bbox 1150 604 3469 697">
    <p class='ocr_par' dir='ltr' id='par_1_1' title="bbox 1150 604 3469 697">
     <span class='ocr_line' id='line_1_1' title="bbox 1150 604 3469 697; baseline -0.009 0"><span class='ocrx_word' id='word_1_1' title='bbox 1150 622 1295 697; x_wconf 72' lang='lat'><strong>714</strong></span> <span class='ocrx_word' id='word_1_2' title='bbox 1503 645 1518 654; x_wconf 67' lang='grc'><em>“</em></span> <span class='ocrx_word' id='word_1_3' title='bbox 1603 611 2286 690; x_wconf 86' lang='lat' dir='ltr'>CHRONICORUM</span> <span class='ocrx_word' id='word_1_4' title='bbox 2335 609 2691 685; x_wconf 80' lang='lat' dir='ltr'><strong>KAROLI</strong></span> <span class='ocrx_word' id='word_1_5' title='bbox 2740 605 3027 679; x_wconf 83' lang='lat' dir='ltr'><strong>SEXTI</strong></span> <span class='ocrx_word' id='word_1_6' title='bbox 3064 606 3242 680; x_wconf 82' lang='lat' dir='ltr'><strong>Lm.</strong></span> <span class='ocrx_word' id='word_1_7' title='bbox 3298 604 3469 679; x_wconf 72' lang='grc' dir='ltr'><strong>ΧΠ.</strong></span> 
     </span>
    </p>
   </div>
   <div class='ocr_carea' id='block_1_2' title="bbox 1153 753 3957 2239">
    <p class='ocr_par' dir='ltr' id='par_1_2' title="bbox 1153 753 3957 2239">
     <span class='ocr_line' id='line_1_2' title="bbox 1153 753 3937 871; baseline -0.006 -20"><span class='ocrx_word' id='word_1_8' title='bbox 1153 769 1490 851; x_wconf 82' lang='lat' dir='ltr'>notabili</span> <span class='ocrx_word' id='word_1_9' title='bbox 1541 768 1755 848; x_wconf 80' lang='lat' dir='ltr'><strong>facto</strong></span> <span class='ocrx_word' id='word_1_10' title='bbox 1806 764 2219 846; x_wconf 81' lang='lat' dir='ltr'><strong>decoraret</strong></span> <span class='ocrx_word' id='word_1_11' title='bbox 2271 781 2350 842; x_wconf 92' lang='lat' dir='ltr'><strong>et</strong></span> <span class='ocrx_word' id='word_1_12' title='bbox 2406 791 2554 871; x_wconf 88' lang='lat' dir='ltr'><strong>pro</strong></span> <span class='ocrx_word' id='word_1_13' title='bbox 2606 760 2769 841; x_wconf 87' lang='lat' dir='ltr'><strong>suis</strong></span> <span class='ocrx_word' id='word_1_14' title='bbox 2815 772 3239 866; x_wconf 88' lang='lat' dir='ltr'><strong>occuparet</strong></span> <span class='ocrx_word' id='word_1_15' title='bbox 3292 753 3625 867; x_wconf 83' lang='lat' dir='ltr'><strong>aliquod</strong></span> <span class='ocrx_word' id='word_1_16' title='bbox 3679 772 3937 836; x_wconf 86' lang='lat' dir='ltr'><strong>tutum</strong></span> 
     </span>
     <span class='ocr_line' id='line_1_3' title="bbox 1157 892 3940 1016; baseline -0.006 -31"><span class='ocrx_word' id='word_1_17' title='bbox 1157 906 1586 1016; x_wconf 78' lang='lat' dir='ltr'><strong>refugium,</strong></span> <span class='ocrx_word' id='word_1_18' title='bbox 1630 905 2023 996; x_wconf 80' lang='lat' dir='ltr'><strong>civitatem</strong></span> <span class='ocrx_word' id='word_1_19' title='bbox 2065 898 2581 998; x_wconf 86' lang='lat' dir='ltr'><strong>Alexandrie,</strong></span> <span class='ocrx_word' id='word_1_20' title='bbox 2624 925 2860 1006; x_wconf 89' lang='lat' dir='ltr'><strong>quam</strong></span> <span class='ocrx_word' id='word_1_21' title='bbox 2903 892 3392 1016; x_wconf 85' lang='lat' dir='ltr'><strong>indefensam</strong></span> <span class='ocrx_word' id='word_1_22' title='bbox 3424 892 3635 972; x_wconf 73' lang='lat' dir='ltr'><strong>fama</strong></span> <span class='ocrx_word' id='word_1_23' title='bbox 3666 893 3940 1002; x_wconf 88' lang='lat' dir='ltr'><strong>vulga-</strong></span> 
     </span>
     <span class='ocr_line' id='line_1_4' title="bbox 1157 1029 3937 1145; baseline -0.005 -23"><span class='ocrx_word' id='word_1_24' title='bbox 1157 1060 1415 1142; x_wconf 80' lang='lat' dir='ltr'><strong>verat,</strong></span> <span class='ocrx_word' id='word_1_25' title='bbox 1462 1042 1739 1120; x_wconf 85' lang='lat' dir='ltr'><strong>statuit</strong></span> <span class='ocrx_word' id='word_1_26' title='bbox 1789 1039 2093 1120; x_wconf 90' lang='lat' dir='ltr'><strong>viribus</strong></span> <span class='ocrx_word' id='word_1_27' title='bbox 2146 1065 2559 1145; x_wconf 89' lang='lat' dir='ltr'><strong>occupare.</strong></span> <span class='ocrx_word' id='word_1_28' title='bbox 2615 1035 2840 1113; x_wconf 89' lang='lat' dir='ltr'><strong>Hanc</strong></span> <span class='ocrx_word' id='word_1_29' title='bbox 2875 1059 3039 1110; x_wconf 90' lang='lat' dir='ltr'><strong>nou</strong></span> <span class='ocrx_word' id='word_1_30' title='bbox 3090 1030 3482 1108; x_wconf 89' lang='lat' dir='ltr'><strong>munitam</strong></span> <span class='ocrx_word' id='word_1_31' title='bbox 3541 1029 3937 1136; x_wconf 84' lang='lat' dir='ltr'><strong>sperabat.</strong></span> 
     </span>
     <span class='ocr_line' id='line_1_5' title="bbox 1155 1166 3949 1285; baseline -0.004 -28"><span class='ocrx_word' id='word_1_32' title='bbox 1155 1180 1359 1258; x_wconf 88' lang='lat' dir='ltr'><strong>Nam</strong></span> <span class='ocrx_word' id='word_1_33' title='bbox 1404 1177 1699 1285; x_wconf 89' lang='lat' dir='ltr'><strong>pluries</strong></span> <span class='ocrx_word' id='word_1_34' title='bbox 1739 1193 1919 1255; x_wconf 90' lang='lat' dir='ltr'><strong>ante</strong></span> <span class='ocrx_word' id='word_1_35' title='bbox 1961 1173 2285 1254; x_wconf 82' lang='lat' dir='ltr'><strong>hostiles</strong></span> <span class='ocrx_word' id='word_1_36' title='bbox 2342 1171 2879 1284; x_wconf 68' lang='lat' dir='ltr'><strong>discursiones</strong></span> <span class='ocrx_word' id='word_1_37' title='bbox 2910 1167 3250 1264; x_wconf 72' lang='lat' dir='ltr'><strong>faciem,</strong></span> <span class='ocrx_word' id='word_1_38' title='bbox 3302 1166 3441 1276; x_wconf 92' lang='lat' dir='ltr'><strong>qui</strong></span> <span class='ocrx_word' id='word_1_39' title='bbox 3488 1166 3949 1246; x_wconf 89' lang='lat' dir='ltr'><strong>resisterent</strong></span> 
     </span>
     <span class='ocr_line' id='line_1_6' title="bbox 1161 1301 3947 1415; baseline -0.004 -21"><span class='ocrx_word' id='word_1_40' title='bbox 1161 1344 1325 1394; x_wconf 89' lang='lat' dir='ltr'><strong>non</strong></span> <span class='ocrx_word' id='word_1_41' title='bbox 1387 1314 1753 1410; x_wconf 82' lang='lat' dir='ltr'><strong>exibant,</strong></span> <span class='ocrx_word' id='word_1_42' title='bbox 1807 1341 1953 1392; x_wconf 88' lang='lat' dir='ltr'><strong>nec</strong></span> <span class='ocrx_word' id='word_1_43' title='bbox 2009 1310 2195 1390; x_wconf 92' lang='lat' dir='ltr'><strong>inde</strong></span> <span class='ocrx_word' id='word_1_44' title='bbox 2238 1338 2465 1389; x_wconf 90' lang='lat' dir='ltr'><strong>more</strong></span> <span class='ocrx_word' id='word_1_45' title='bbox 2521 1307 2762 1387; x_wconf 91' lang='lat' dir='ltr'><strong>solito</strong></span> <span class='ocrx_word' id='word_1_46' title='bbox 2815 1305 3282 1415; x_wconf 89' lang='lat' dir='ltr'><strong>erupciones</strong></span> <span class='ocrx_word' id='word_1_47' title='bbox 3336 1302 3657 1382; x_wconf 90' lang='lat' dir='ltr'><strong>fiebant.</strong></span> <span class='ocrx_word' id='word_1_48' title='bbox 3704 1301 3947 1403; x_wconf 86' lang='lat' dir='ltr'><strong>Quod</strong></span> 
     </span>
     <span class='ocr_line' id='line_1_7' title="bbox 1161 1440 3952 1551; baseline -0.004 -19"><span class='ocrx_word' id='word_1_49' title='bbox 1161 1471 1425 1532; x_wconf 87' lang='lat' dir='ltr'><strong>tamen</strong></span> <span class='ocrx_word' id='word_1_50' title='bbox 1485 1448 1925 1530; x_wconf 86' lang='lat' dir='ltr'><strong>Lombardi</strong></span> <span class='ocrx_word' id='word_1_51' title='bbox 1979 1465 2240 1530; x_wconf 88' lang='lat' dir='ltr'><strong>astute</strong></span> <span class='ocrx_word' id='word_1_52' title='bbox 2292 1445 2976 1542; x_wconf 85' lang='lat' dir='ltr'><strong>consultaverant,</strong></span> <span class='ocrx_word' id='word_1_53' title='bbox 3044 1442 3184 1551; x_wconf 92' lang='lat' dir='ltr'><strong>qui</strong></span> <span class='ocrx_word' id='word_1_54' title='bbox 3241 1440 3444 1522; x_wconf 86' lang='lat' dir='ltr'><strong>clam</strong></span> <span class='ocrx_word' id='word_1_55' title='bbox 3500 1457 3581 1522; x_wconf 89' lang='lat' dir='ltr'><strong>et</strong></span> <span class='ocrx_word' id='word_1_56' title='bbox 3643 1467 3811 1519; x_wconf 90' lang='lat' dir='ltr'><strong>non</strong></span> <span class='ocrx_word' id='word_1_57' title='bbox 3867 1442 3952 1520; x_wconf 92' lang='lat' dir='ltr'><strong>in</strong></span> 
     </span>
     <span class='ocr_line' id='line_1_8' title="bbox 1163 1574 3953 1698; baseline -0.004 -30"><span class='ocrx_word' id='word_1_58' title='bbox 1163 1605 1441 1698; x_wconf 87' lang='lat' dir='ltr'><strong>aperto</strong></span> <span class='ocrx_word' id='word_1_59' title='bbox 1481 1603 2060 1666; x_wconf 90' lang='lat' dir='ltr'><strong>consueverunt</strong></span> <span class='ocrx_word' id='word_1_60' title='bbox 2091 1602 2393 1665; x_wconf 84' lang='lat' dir='ltr'><strong>certare</strong></span> <span class='ocrx_word' id='word_1_61' title='bbox 2421 1645 2441 1680; x_wconf 89' lang='lat'>,</span> <span class='ocrx_word' id='word_1_62' title='bbox 2478 1600 2560 1662; x_wconf 88' lang='lat' dir='ltr'><strong>et</strong></span> <span class='ocrx_word' id='word_1_63' title='bbox 2590 1582 2729 1691; x_wconf 86' lang='lat' dir='ltr'><strong>qui</strong></span> <span class='ocrx_word' id='word_1_64' title='bbox 2770 1607 3079 1687; x_wconf 85' lang='lat' dir='ltr'><strong>semper</strong></span> <span class='ocrx_word' id='word_1_65' title='bbox 3111 1580 3199 1660; x_wconf 87' lang='lat' dir='ltr'><strong>in</strong></span> <span class='ocrx_word' id='word_1_66' title='bbox 3239 1574 3567 1686; x_wconf 86' lang='lat' dir='ltr'><strong>agendis</strong></span> <span class='ocrx_word' id='word_1_67' title='bbox 3604 1578 3953 1685; x_wconf 83' lang='lat' dir='ltr'><strong>negociis</strong></span> 
     </span>
     <span class='ocr_line' id='line_1_9' title="bbox 1159 1716 3951 1822; baseline -0.005 -16"><span class='ocrx_word' id='word_1_68' title='bbox 1159 1721 1440 1806; x_wconf 77' lang='lat' dir='ltr'><strong>‘dolum</strong></span> <span class='ocrx_word' id='word_1_69' title='bbox 1484 1721 1814 1803; x_wconf 83' lang='lat' dir='ltr'><strong>addunt.</strong></span> <span class='ocrx_word' id='word_1_70' title='bbox 1871 1718 2116 1822; x_wconf 87' lang='lat' dir='ltr'><strong>Quod</strong></span> <span class='ocrx_word' id='word_1_71' title='bbox 2167 1718 2269 1800; x_wconf 87' lang='lat' dir='ltr'><strong>ad</strong></span> <span class='ocrx_word' id='word_1_72' title='bbox 2321 1720 2703 1801; x_wconf 84' lang='lat' dir='ltr'><strong>cautelam</strong></span> <span class='ocrx_word' id='word_1_73' title='bbox 2757 1718 3032 1814; x_wconf 85' lang='lat' dir='ltr'><strong>fiebat,</strong></span> <span class='ocrx_word' id='word_1_74' title='bbox 3075 1743 3337 1796; x_wconf 87' lang='lat' dir='ltr'><strong>comes</strong></span> <span class='ocrx_word' id='word_1_75' title='bbox 3386 1743 3665 1795; x_wconf 89' lang='lat' dir='ltr'><strong>eorum</strong></span> <span class='ocrx_word' id='word_1_76' title='bbox 3708 1716 3951 1796; x_wconf 87' lang='lat' dir='ltr'><strong>ascri-</strong></span> 
     </span>
     <span class='ocr_line' id='line_1_10' title="bbox 1167 1851 3957 1968; baseline -0.004 -28"><span class='ocrx_word' id='word_1_77' title='bbox 1167 1863 1363 1940; x_wconf 84' lang='lat' dir='ltr'><strong>bens</strong></span> <span class='ocrx_word' id='word_1_78' title='bbox 1406 1861 1715 1968; x_wconf 85' lang='lat' dir='ltr'><strong>ignavie</strong></span> <span class='ocrx_word' id='word_1_79' title='bbox 1738 1919 1759 1957; x_wconf 90' lang='lat'>,</span> <span class='ocrx_word' id='word_1_80' title='bbox 1794 1877 1876 1937; x_wconf 90' lang='lat' dir='ltr'><strong>et</strong></span> <span class='ocrx_word' id='word_1_81' title='bbox 1904 1886 2040 1939; x_wconf 91' lang='lat' dir='ltr'><strong>eos</strong></span> <span class='ocrx_word' id='word_1_82' title='bbox 2071 1858 2287 1937; x_wconf 91' lang='lat' dir='ltr'><strong>velut</strong></span> <span class='ocrx_word' id='word_1_83' title='bbox 2320 1858 2663 1936; x_wconf 90' lang='lat' dir='ltr'><strong>rusticos</strong></span> <span class='ocrx_word' id='word_1_84' title='bbox 2700 1851 3318 1963; x_wconf 88' lang='lat' dir='ltr'><strong>parvipendens,</strong></span> <span class='ocrx_word' id='word_1_85' title='bbox 3364 1880 3507 1960; x_wconf 88' lang='lat' dir='ltr'><strong>per</strong></span> <span class='ocrx_word' id='word_1_86' title='bbox 3537 1852 3957 1932; x_wconf 86' lang='lat' dir='ltr'><strong>circuitum</strong></span> 
     </span>
     <span class='ocr_line' id='line_1_11' title="bbox 1167 1986 3956 2102; baseline -0.003 -27"><span class='ocrx_word' id='word_1_87' title='bbox 1167 1998 1511 2076; x_wconf 90' lang='lat' dir='ltr'><strong>tentoria</strong></span> <span class='ocrx_word' id='word_1_88' title='bbox 1562 1995 1698 2102; x_wconf 89' lang='lat' dir='ltr'><strong>figi</strong></span> <span class='ocrx_word' id='word_1_89' title='bbox 1750 1996 1985 2102; x_wconf 88' lang='lat' dir='ltr'><strong>jussit</strong></span> <span class='ocrx_word' id='word_1_90' title='bbox 2034 2011 2112 2073; x_wconf 86' lang='lat' dir='ltr'><strong>et</strong></span> <span class='ocrx_word' id='word_1_91' title='bbox 2176 1995 2704 2071; x_wconf 87' lang='lat' dir='ltr'><strong>instrumenta</strong></span> <span class='ocrx_word' id='word_1_92' title='bbox 2746 1989 3275 2070; x_wconf 75' lang='lat' dir='ltr'><strong>obsidionalis</strong></span> <span class='ocrx_word' id='word_1_93' title='bbox 3314 1989 3772 2098; x_wconf 88' lang='lat' dir='ltr'><strong>preparari;</strong></span> <span class='ocrx_word' id='word_1_94' title='bbox 3816 1986 3956 2066; x_wconf 89' lang='lat' dir='ltr'><strong>sed</strong></span> 
     </span>
     <span class='ocr_line' id='line_1_12' title="bbox 1168 2123 3477 2239; baseline -0.004 -28"><span class='ocrx_word' id='word_1_95' title='bbox 1168 2161 1414 2211; x_wconf 87' lang='lat' dir='ltr'><strong>unum</strong></span> <span class='ocrx_word' id='word_1_96' title='bbox 1444 2131 1945 2239; x_wconf 82' lang='lat' dir='ltr'><strong>excogitabat</strong></span> <span class='ocrx_word' id='word_1_97' title='bbox 1977 2146 2057 2209; x_wconf 90' lang='lat' dir='ltr'><strong>et</strong></span> <span class='ocrx_word' id='word_1_98' title='bbox 2091 2129 2420 2208; x_wconf 84' lang='lat' dir='ltr'><strong>fortuna</strong></span> <span class='ocrx_word' id='word_1_99' title='bbox 2464 2126 2621 2207; x_wconf 92' lang='lat' dir='ltr'><strong>sibi</strong></span> <span class='ocrx_word' id='word_1_100' title='bbox 2663 2123 2876 2205; x_wconf 89' lang='lat' dir='ltr'><strong>aliud</strong></span> <span class='ocrx_word' id='word_1_101' title='bbox 2915 2125 3422 2236; x_wconf 83' lang='lat' dir='ltr'><strong>preparabat.</strong></span> <span class='ocrx_word' id='word_1_102' title='bbox 3469 2219 3477 2230; x_wconf 36' lang='grc'><em>,</em></span> 
     </span>
    </p>
   </div>
   <div class='ocr_carea' id='block_1_3' title="bbox 1177 2426 3981 4865">
    <p class='ocr_par' dir='ltr' id='par_1_3' title="bbox 1177 2426 3981 4865">
     <span class='ocr_line' id='line_1_13' title="bbox 1288 2426 3959 2536; baseline -0.001 -28"><span class='ocrx_word' id='word_1_103' title='bbox 1288 2432 1506 2517; x_wconf 84' lang='lat' dir='ltr'><strong>Dum</strong></span> <span class='ocrx_word' id='word_1_104' title='bbox 1557 2430 1768 2510; x_wconf 86' lang='lat' dir='ltr'><strong>enim</strong></span> <span class='ocrx_word' id='word_1_105' title='bbox 1809 2429 1964 2510; x_wconf 88' lang='lat' dir='ltr'><strong>hiis</strong></span> <span class='ocrx_word' id='word_1_106' title='bbox 2011 2426 2538 2536; x_wconf 84' lang='lat' dir='ltr'><strong>preparandis</strong></span> <span class='ocrx_word' id='word_1_107' title='bbox 2587 2427 2931 2534; x_wconf 88' lang='lat' dir='ltr'><strong>gregarii</strong></span> <span class='ocrx_word' id='word_1_108' title='bbox 2980 2454 3072 2506; x_wconf 90' lang='lat' dir='ltr'><strong>ac</strong></span> <span class='ocrx_word' id='word_1_109' title='bbox 3126 2426 3315 2505; x_wconf 86' lang='lat' dir='ltr'><strong>levis</strong></span> <span class='ocrx_word' id='word_1_110' title='bbox 3359 2443 3759 2504; x_wconf 87' lang='lat' dir='ltr'><strong>armature</strong></span> <span class='ocrx_word' id='word_1_111' title='bbox 3799 2452 3959 2506; x_wconf 79' lang='lat' dir='ltr'><strong>ser·</strong></span> 
     </span>
     <span class='ocr_line' id='line_1_14' title="bbox 1177 2560 3963 2672; baseline -0.001 -27"><span class='ocrx_word' id='word_1_112' title='bbox 1177 2571 1477 2647; x_wconf 84' lang='lat' dir='ltr'><strong>vientes</strong></span> <span class='ocrx_word' id='word_1_113' title='bbox 1510 2564 1977 2648; x_wconf 82' lang='lat' dir='ltr'><strong>insudarent</strong></span> <span class='ocrx_word' id='word_1_114' title='bbox 2001 2627 2020 2662; x_wconf 91' lang='lat'>‚</span> <span class='ocrx_word' id='word_1_115' title='bbox 2048 2567 2253 2647; x_wconf 87' lang='lat' dir='ltr'><strong>cives</strong></span> <span class='ocrx_word' id='word_1_116' title='bbox 2283 2563 2618 2672; x_wconf 88' lang='lat' dir='ltr'><strong>dignum</strong></span> <span class='ocrx_word' id='word_1_117' title='bbox 2644 2561 3021 2644; x_wconf 86' lang='lat' dir='ltr'><strong>ducentes</strong></span> <span class='ocrx_word' id='word_1_118' title='bbox 3052 2563 3303 2670; x_wconf 87' lang='lat' dir='ltr'><strong>magis</strong></span> <span class='ocrx_word' id='word_1_119' title='bbox 3332 2560 3731 2641; x_wconf 91' lang='lat' dir='ltr'><strong>industria</strong></span> <span class='ocrx_word' id='word_1_120' title='bbox 3761 2589 3963 2668; x_wconf 85' lang='lat' dir='ltr'><strong>opus</strong></span> 
     </span>
     <span class='ocr_line' id='line_1_15' title="bbox 1178 2698 3967 2811; baseline -0.001 -29"><span class='ocrx_word' id='word_1_121' title='bbox 1178 2731 1343 2782; x_wconf 86' lang='lat' dir='ltr'><strong>esse</strong></span> <span class='ocrx_word' id='word_1_122' title='bbox 1390 2731 1629 2811; x_wconf 90' lang='lat' dir='ltr'><strong>quam</strong></span> <span class='ocrx_word' id='word_1_123' title='bbox 1683 2702 1990 2781; x_wconf 88' lang='lat' dir='ltr'><strong>viribus</strong></span> <span class='ocrx_word' id='word_1_124' title='bbox 2013 2762 2032 2798; x_wconf 92' lang='lat'>,</span> <span class='ocrx_word' id='word_1_125' title='bbox 2093 2730 2184 2780; x_wconf 86' lang='lat' dir='ltr'><strong>ac</strong></span> <span class='ocrx_word' id='word_1_126' title='bbox 2248 2699 2455 2780; x_wconf 91' lang='lat' dir='ltr'><strong>dolis</strong></span> <span class='ocrx_word' id='word_1_127' title='bbox 2508 2717 2834 2807; x_wconf 88' lang='lat' dir='ltr'><strong>agerent</strong></span> <span class='ocrx_word' id='word_1_128' title='bbox 2893 2698 3113 2808; x_wconf 93' lang='lat' dir='ltr'><strong>quod</strong></span> <span class='ocrx_word' id='word_1_129' title='bbox 3170 2702 3451 2779; x_wconf 87' lang='lat' dir='ltr'><strong>virtuti</strong></span> <span class='ocrx_word' id='word_1_130' title='bbox 3505 2699 3967 2778; x_wconf 87' lang='lat' dir='ltr'><strong>senciebant</strong></span> 
     </span>
     <span class='ocr_line' id='line_1_16' title="bbox 1180 2807 3960 2944; baseline -0.002 -25"><span class='ocrx_word' id='word_1_131' title='bbox 1180 2839 1483 2932; x_wconf 82' lang='lat' dir='ltr'><strong>deesse,</strong></span> <span class='ocrx_word' id='word_1_132' title='bbox 1539 2836 1639 2915; x_wconf 89' lang='lat' dir='ltr'><strong>ad</strong></span> <span class='ocrx_word' id='word_1_133' title='bbox 1699 2839 1854 2915; x_wconf 87' lang='lat' dir='ltr'><strong>hoc</strong></span> <span class='ocrx_word' id='word_1_134' title='bbox 1895 2807 2377 2944; x_wconf 27' lang='lat' dir='ltr'><strong>intempesta.</strong></span> <span class='ocrx_word' id='word_1_135' title='bbox 2423 2854 2657 2916; x_wconf 90' lang='lat' dir='ltr'><strong>nocte</strong></span> <span class='ocrx_word' id='word_1_136' title='bbox 2698 2837 3001 2916; x_wconf 88' lang='lat' dir='ltr'><strong>vicinos</strong></span> <span class='ocrx_word' id='word_1_137' title='bbox 3052 2837 3580 2916; x_wconf 88' lang='lat' dir='ltr'><strong>accersierunt</strong></span> <span class='ocrx_word' id='word_1_138' title='bbox 3622 2834 3960 2942; x_wconf 79' lang='lat' dir='ltr'><strong>pugileS‚</strong></span> 
     </span>
     <span class='ocr_line' id='line_1_17' title="bbox 1182 2971 3967 3084; baseline -0.001 -30"><span class='ocrx_word' id='word_1_139' title='bbox 1182 3002 1382 3084; x_wconf 88' lang='lat' dir='ltr'><strong>quos</strong></span> <span class='ocrx_word' id='word_1_140' title='bbox 1408 2989 1942 3053; x_wconf 88' lang='lat' dir='ltr'><strong>commentum</strong></span> <span class='ocrx_word' id='word_1_141' title='bbox 1976 2971 2281 3053; x_wconf 73' lang='lat' dir='ltr'><strong>fraudis</strong></span> <span class='ocrx_word' id='word_1_142' title='bbox 2311 2975 2779 3083; x_wconf 88' lang='lat' dir='ltr'><strong>exequcioni</strong></span> <span class='ocrx_word' id='word_1_143' title='bbox 2809 2971 3032 3073; x_wconf 86' lang='lat' dir='ltr'><strong>dare,</strong></span> <span class='ocrx_word' id='word_1_144' title='bbox 3076 3002 3222 3053; x_wconf 91' lang='lat' dir='ltr'><strong>nec</strong></span> <span class='ocrx_word' id='word_1_145' title='bbox 3259 2973 3651 3053; x_wconf 88' lang='lat' dir='ltr'><strong>incassum</strong></span> <span class='ocrx_word' id='word_1_146' title='bbox 3689 2973 3967 3081; x_wconf 91' lang='lat' dir='ltr'><strong>procul</strong></span> 
     </span>
     <span class='ocr_line' id='line_1_18' title="bbox 1186 3107 3965 3223; baseline -0 -33"><span class='ocrx_word' id='word_1_147' title='bbox 1186 3111 1482 3209; x_wconf 89' lang='lat' dir='ltr'><strong>dubio,</strong></span> <span class='ocrx_word' id='word_1_148' title='bbox 1539 3126 2039 3219; x_wconf 86' lang='lat' dir='ltr'><strong>rogaverunt.</strong></span> <span class='ocrx_word' id='word_1_149' title='bbox 2095 3111 2286 3191; x_wconf 90' lang='lat' dir='ltr'><strong>Erat</strong></span> <span class='ocrx_word' id='word_1_150' title='bbox 2340 3113 2463 3190; x_wconf 88' lang='lat' dir='ltr'><strong>vie</strong></span> <span class='ocrx_word' id='word_1_151' title='bbox 2502 3110 2813 3210; x_wconf 88' lang='lat' dir='ltr'><strong>medio,</strong></span> <span class='ocrx_word' id='word_1_152' title='bbox 2861 3140 3021 3189; x_wconf 89' lang='lat' dir='ltr'><strong>non</strong></span> <span class='ocrx_word' id='word_1_153' title='bbox 3065 3111 3344 3223; x_wconf 89' lang='lat' dir='ltr'><strong>procul</strong></span> <span class='ocrx_word' id='word_1_154' title='bbox 3394 3141 3440 3190; x_wconf 90' lang='lat' dir='ltr'><strong>a</strong></span> <span class='ocrx_word' id='word_1_155' title='bbox 3491 3113 3807 3212; x_wconf 89' lang='lat' dir='ltr'><strong>castris,</strong></span> <span class='ocrx_word' id='word_1_156' title='bbox 3864 3107 3965 3189; x_wconf 88' lang='lat' dir='ltr'><strong>ad</strong></span> 
     </span>
     <span class='ocr_line' id='line_1_19' title="bbox 1183 3245 3971 3359; baseline -0.001 -28"><span class='ocrx_word' id='word_1_157' title='bbox 1183 3247 1394 3331; x_wconf 87' lang='lat' dir='ltr'><strong>mille</strong></span> <span class='ocrx_word' id='word_1_158' title='bbox 1439 3275 1750 3355; x_wconf 84' lang='lat' dir='ltr'><strong>passus,</strong></span> <span class='ocrx_word' id='word_1_159' title='bbox 1786 3245 2006 3326; x_wconf 90' lang='lat' dir='ltr'><strong>vallis</strong></span> <span class='ocrx_word' id='word_1_160' title='bbox 2048 3249 2252 3326; x_wconf 87' lang='lat' dir='ltr'><strong>circa</strong></span> <span class='ocrx_word' id='word_1_161' title='bbox 2306 3246 2549 3327; x_wconf 89' lang='lat' dir='ltr'><strong>densa</strong></span> <span class='ocrx_word' id='word_1_162' title='bbox 2588 3249 2852 3328; x_wconf 87' lang='lat' dir='ltr'><strong>obsita</strong></span> <span class='ocrx_word' id='word_1_163' title='bbox 2884 3249 3226 3357; x_wconf 88' lang='lat' dir='ltr'><strong>virgulta</strong></span> <span class='ocrx_word' id='word_1_164' title='bbox 3252 3312 3270 3348; x_wconf 88' lang='lat'>,</span> <span class='ocrx_word' id='word_1_165' title='bbox 3322 3248 3468 3329; x_wconf 91' lang='lat' dir='ltr'><strong>ubi</strong></span> <span class='ocrx_word' id='word_1_166' title='bbox 3513 3278 3753 3357; x_wconf 88' lang='lat' dir='ltr'><strong>quam</strong></span> <span class='ocrx_word' id='word_1_167' title='bbox 3790 3275 3971 3359; x_wconf 91' lang='lat' dir='ltr'><strong>pos-</strong></span> 
     </span>
     <span class='ocr_line' id='line_1_20' title="bbox 1186 3383 3967 3493; baseline 0.001 -30"><span class='ocrx_word' id='word_1_168' title='bbox 1186 3402 1374 3463; x_wconf 88' lang='lat' dir='ltr'><strong>sunt</strong></span> <span class='ocrx_word' id='word_1_169' title='bbox 1427 3383 1950 3463; x_wconf 85' lang='lat' dir='ltr'><strong>occultissime</strong></span> <span class='ocrx_word' id='word_1_170' title='bbox 1997 3402 2361 3464; x_wconf 89' lang='lat' dir='ltr'><strong>evocatos</strong></span> <span class='ocrx_word' id='word_1_171' title='bbox 2397 3383 2808 3467; x_wconf 89' lang='lat' dir='ltr'><strong>subsidere</strong></span> <span class='ocrx_word' id='word_1_172' title='bbox 2862 3386 2946 3466; x_wconf 88' lang='lat' dir='ltr'><strong>in</strong></span> <span class='ocrx_word' id='word_1_173' title='bbox 2988 3384 3299 3465; x_wconf 88' lang='lat' dir='ltr'><strong>insidiis</strong></span> <span class='ocrx_word' id='word_1_174' title='bbox 3345 3386 3753 3493; x_wconf 84' lang='lat' dir='ltr'><strong>jusserunt</strong></span> <span class='ocrx_word' id='word_1_175' title='bbox 3790 3413 3967 3466; x_wconf 90' lang='lat' dir='ltr'><strong>cum</strong></span> 
     </span>
     <span class='ocr_line' id='line_1_21' title="bbox 1188 3518 3971 3629; baseline 0.001 -30"><span class='ocrx_word' id='word_1_176' title='bbox 1188 3521 1592 3600; x_wconf 90' lang='lat' dir='ltr'><strong>obstinato</strong></span> <span class='ocrx_word' id='word_1_177' title='bbox 1634 3521 1958 3600; x_wconf 89' lang='lat' dir='ltr'><strong>silencio</strong></span> <span class='ocrx_word' id='word_1_178' title='bbox 2000 3518 2101 3600; x_wconf 87' lang='lat' dir='ltr'><strong>ad</strong></span> <span class='ocrx_word' id='word_1_179' title='bbox 2143 3521 2918 3601; x_wconf 84' lang='lat' dir='ltr'><strong>circumveniendum</strong></span> <span class='ocrx_word' id='word_1_180' title='bbox 2958 3524 3354 3602; x_wconf 89' lang='lat' dir='ltr'><strong>comitem.</strong></span> <span class='ocrx_word' id='word_1_181' title='bbox 3393 3523 3578 3622; x_wconf 87' lang='lat' dir='ltr'><strong>Quo</strong></span> <span class='ocrx_word' id='word_1_182' title='bbox 3613 3539 3971 3629; x_wconf 83' lang='lat' dir='ltr'><strong>peracto,</strong></span> 
     </span>
     <span class='ocr_line' id='line_1_22' title="bbox 1189 3656 3973 3767; baseline 0 -32"><span class='ocrx_word' id='word_1_183' title='bbox 1189 3674 1499 3736; x_wconf 89' lang='lat' dir='ltr'><strong>centum</strong></span> <span class='ocrx_word' id='word_1_184' title='bbox 1551 3656 2472 3738; x_wconf 81' lang='lat' dir='ltr'><strong>subsidiarios-loricatos</strong></span> <span class='ocrx_word' id='word_1_185' title='bbox 2509 3657 2610 3738; x_wconf 88' lang='lat' dir='ltr'><strong>ad</strong></span> <span class='ocrx_word' id='word_1_186' title='bbox 2645 3687 2987 3767; x_wconf 89' lang='lat' dir='ltr'><strong>unguem</strong></span> <span class='ocrx_word' id='word_1_187' title='bbox 3010 3721 3029 3759; x_wconf 93' lang='lat'>,</span> <span class='ocrx_word' id='word_1_188' title='bbox 3080 3660 3219 3767; x_wconf 91' lang='lat' dir='ltr'><strong>qui</strong></span> <span class='ocrx_word' id='word_1_189' title='bbox 3258 3688 3503 3767; x_wconf 90' lang='lat' dir='ltr'><strong>equos</strong></span> <span class='ocrx_word' id='word_1_190' title='bbox 3548 3659 3973 3739; x_wconf 88' lang='lat' dir='ltr'><strong>velociores</strong></span> 
     </span>
     <span class='ocr_line' id='line_1_23' title="bbox 1189 3791 3972 3905; baseline 0.001 -36"><span class='ocrx_word' id='word_1_191' title='bbox 1189 3792 1635 3888; x_wconf 87' lang='lat' dir='ltr'><strong>habebant,</strong></span> <span class='ocrx_word' id='word_1_192' title='bbox 1677 3820 1823 3899; x_wconf 91' lang='lat' dir='ltr'><strong>per</strong></span> <span class='ocrx_word' id='word_1_193' title='bbox 1865 3811 2161 3872; x_wconf 83' lang='lat' dir='ltr'><strong>rectam</strong></span> <span class='ocrx_word' id='word_1_194' title='bbox 2202 3796 2411 3873; x_wconf 90' lang='lat' dir='ltr'><strong>viam</strong></span> <span class='ocrx_word' id='word_1_195' title='bbox 2463 3793 2858 3902; x_wconf 88' lang='lat' dir='ltr'><strong>dirigunt,</strong></span> <span class='ocrx_word' id='word_1_196' title='bbox 2896 3797 3078 3905; x_wconf 88' lang='lat' dir='ltr'><strong>qui,</strong></span> <span class='ocrx_word' id='word_1_197' title='bbox 3128 3795 3299 3873; x_wconf 89' lang='lat' dir='ltr'><strong>luce</strong></span> <span class='ocrx_word' id='word_1_198' title='bbox 3339 3796 3573 3875; x_wconf 90' lang='lat' dir='ltr'><strong>terris</strong></span> <span class='ocrx_word' id='word_1_199' title='bbox 3620 3791 3972 3892; x_wconf 87' lang='lat' dir='ltr'><strong>reddita,</strong></span> 
     </span>
     <span class='ocr_line' id='line_1_24' title="bbox 1192 3928 3976 4040; baseline 0.001 -34"><span class='ocrx_word' id='word_1_200' title='bbox 1192 3946 1444 4008; x_wconf 86' lang='lat' dir='ltr'><strong>castra</strong></span> <span class='ocrx_word' id='word_1_201' title='bbox 1478 3929 1829 4007; x_wconf 88' lang='lat' dir='ltr'><strong>hostium</strong></span> <span class='ocrx_word' id='word_1_202' title='bbox 1865 3930 2327 4010; x_wconf 82' lang='lat' dir='ltr'><strong>infestantes</strong></span> <span class='ocrx_word' id='word_1_203' title='bbox 2355 3934 2616 4040; x_wconf 90' lang='lat' dir='ltr'><strong>ipsum</strong></span> <span class='ocrx_word' id='word_1_204' title='bbox 2650 3928 2752 4009; x_wconf 89' lang='lat' dir='ltr'><strong>ad</strong></span> <span class='ocrx_word' id='word_1_205' title='bbox 2783 3930 3122 4040; x_wconf 88' lang='lat' dir='ltr'><strong>prelium</strong></span> <span class='ocrx_word' id='word_1_206' title='bbox 3151 3949 3701 4038; x_wconf 88' lang='lat' dir='ltr'><strong>provocarent.</strong></span> <span class='ocrx_word' id='word_1_207' title='bbox 3729 3928 3976 4031; x_wconf 87' lang='lat' dir='ltr'><strong>Quod</strong></span> 
     </span>
     <span class='ocr_line' id='line_1_25' title="bbox 1190 4061 3975 4178; baseline 0.002 -37"><span class='ocrx_word' id='word_1_208' title='bbox 1190 4061 1652 4142; x_wconf 88' lang='lat' dir='ltr'><strong>mandatum</strong></span> <span class='ocrx_word' id='word_1_209' title='bbox 1711 4067 2176 4177; x_wconf 84' lang='lat' dir='ltr'><strong>exequcioni</strong></span> <span class='ocrx_word' id='word_1_210' title='bbox 2232 4065 2422 4146; x_wconf 90' lang='lat' dir='ltr'><strong>dare</strong></span> <span class='ocrx_word' id='word_1_211' title='bbox 2480 4084 2970 4165; x_wconf 85' lang='lat' dir='ltr'><strong>statuerunt,</strong></span> <span class='ocrx_word' id='word_1_212' title='bbox 3033 4069 3259 4175; x_wconf 90' lang='lat' dir='ltr'><strong>prius</strong></span> <span class='ocrx_word' id='word_1_213' title='bbox 3318 4087 3581 4148; x_wconf 88' lang='lat' dir='ltr'><strong>tamen</strong></span> <span class='ocrx_word' id='word_1_214' title='bbox 3638 4069 3975 4178; x_wconf 91' lang='lat' dir='ltr'><strong>prestito</strong></span> 
     </span>
     <span class='ocr_line' id='line_1_26' title="bbox 1188 4201 3976 4314; baseline 0.003 -36"><span class='ocrx_word' id='word_1_215' title='bbox 1188 4202 1680 4307; x_wconf 82' lang='lat' dir='ltr'><strong>juramentO,</strong></span> <span class='ocrx_word' id='word_1_216' title='bbox 1730 4201 1948 4310; x_wconf 88' lang='lat' dir='ltr'><strong>quod</strong></span> <span class='ocrx_word' id='word_1_217' title='bbox 1999 4203 2190 4309; x_wconf 91' lang='lat' dir='ltr'><strong>ipsis</strong></span> <span class='ocrx_word' id='word_1_218' title='bbox 2244 4204 2735 4283; x_wconf 88' lang='lat' dir='ltr'><strong>irruentibus</strong></span> <span class='ocrx_word' id='word_1_219' title='bbox 2784 4205 3068 4303; x_wconf 90' lang='lat' dir='ltr'><strong>ceteri,</strong></span> <span class='ocrx_word' id='word_1_220' title='bbox 3111 4205 3476 4284; x_wconf 87' lang='lat' dir='ltr'><strong>reseratis</strong></span> <span class='ocrx_word' id='word_1_221' title='bbox 3517 4205 3816 4314; x_wconf 79' lang='lat' dir='ltr'><strong>porti5‚</strong></span> <span class='ocrx_word' id='word_1_222' title='bbox 3863 4207 3976 4285; x_wconf 86' lang='lat' dir='ltr'><strong>eis</strong></span> 
     </span>
     <span class='ocr_line' id='line_1_27' title="bbox 1193 4337 3977 4450; baseline 0.003 -37"><span class='ocrx_word' id='word_1_223' title='bbox 1193 4338 1573 4416; x_wconf 80' lang='lat' dir='ltr'><strong>auxilium</strong></span> <span class='ocrx_word' id='word_1_224' title='bbox 1617 4338 1944 4417; x_wconf 82' lang='lat' dir='ltr'><strong>ferrent.</strong></span> <span class='ocrx_word' id='word_1_225' title='bbox 1991 4337 2117 4418; x_wconf 92' lang='lat' dir='ltr'><strong>Ad</strong></span> <span class='ocrx_word' id='word_1_226' title='bbox 2156 4358 2427 4420; x_wconf 66' lang='lat' dir='ltr'><strong>castra</strong></span> <span class='ocrx_word' id='word_1_227' title='bbox 2473 4342 2717 4450; x_wconf 81' lang='lat' dir='ltr'><strong>igitur</strong></span> <span class='ocrx_word' id='word_1_228' title='bbox 2759 4342 3346 4450; x_wconf 79' lang='lat' dir='ltr'><strong>pervenienteS,</strong></span> <span class='ocrx_word' id='word_1_229' title='bbox 3404 4369 3585 4420; x_wconf 89' lang='lat' dir='ltr'><strong>cum</strong></span> <span class='ocrx_word' id='word_1_230' title='bbox 3636 4340 3977 4423; x_wconf 90' lang='lat' dir='ltr'><strong>terribili</strong></span> 
     </span>
     <span class='ocr_line' id='line_1_28' title="bbox 1196 4474 3977 4587; baseline 0.001 -37"><span class='ocrx_word' id='word_1_231' title='bbox 1196 4474 1537 4553; x_wconf 82' lang='lat' dir='ltr'><strong>clamore</strong></span> <span class='ocrx_word' id='word_1_232' title='bbox 1578 4476 2154 4582; x_wconf 87' lang='lat' dir='ltr'><strong>ingeminantes</strong></span> <span class='ocrx_word' id='word_1_233' title='bbox 2187 4477 2288 4557; x_wconf 88' lang='lat' dir='ltr'><strong>ad</strong></span> <span class='ocrx_word' id='word_1_234' title='bbox 2320 4507 2574 4576; x_wconf 87' lang='lat' dir='ltr'><strong>arma,</strong></span> <span class='ocrx_word' id='word_1_235' title='bbox 2618 4479 2702 4556; x_wconf 89' lang='lat' dir='ltr'><strong>in</strong></span> <span class='ocrx_word' id='word_1_236' title='bbox 2745 4479 3107 4556; x_wconf 89' lang='lat' dir='ltr'><strong>incautos</strong></span> <span class='ocrx_word' id='word_1_237' title='bbox 3140 4506 3239 4557; x_wconf 86' lang='lat' dir='ltr'><strong>ex</strong></span> <span class='ocrx_word' id='word_1_238' title='bbox 3272 4480 3676 4587; x_wconf 88' lang='lat' dir='ltr'><strong>insperato</strong></span> <span class='ocrx_word' id='word_1_239' title='bbox 3720 4477 3977 4554; x_wconf 89' lang='lat' dir='ltr'><strong>irrue·</strong></span> 
     </span>
     <span class='ocr_line' id='line_1_29' title="bbox 1196 4609 3981 4725; baseline 0.001 -38"><span class='ocrx_word' id='word_1_240' title='bbox 1196 4627 1410 4690; x_wconf 88' lang='lat' dir='ltr'><strong>runt.</strong></span> <span class='ocrx_word' id='word_1_241' title='bbox 1457 4610 1698 4709; x_wconf 83' lang='lat' dir='ltr'><strong>Quod</strong></span> <span class='ocrx_word' id='word_1_242' title='bbox 1742 4609 2076 4691; x_wconf 89' lang='lat' dir='ltr'><strong>audiens</strong></span> <span class='ocrx_word' id='word_1_243' title='bbox 2124 4611 2386 4721; x_wconf 85' lang='lat' dir='ltr'><strong>dictus</strong></span> <span class='ocrx_word' id='word_1_244' title='bbox 2444 4643 2704 4697; x_wconf 87' lang='lat' dir='ltr'><strong>comes</strong></span> <span class='ocrx_word' id='word_1_245' title='bbox 2763 4631 2843 4693; x_wconf 91' lang='lat' dir='ltr'><strong>et</strong></span> <span class='ocrx_word' id='word_1_246' title='bbox 2894 4615 3369 4725; x_wconf 88' lang='lat' dir='ltr'><strong>paucitatem</strong></span> <span class='ocrx_word' id='word_1_247' title='bbox 3421 4610 3981 4693; x_wconf 88' lang='lat' dir='ltr'><strong>invadencium</strong></span> 
     </span>
     <span class='ocr_line' id='line_1_30' title="bbox 1199 4747 3976 4865; baseline -0 -37"><span class='ocrx_word' id='word_1_248' title='bbox 1199 4747 1811 4856; x_wconf 86' lang='lat' dir='ltr'><strong>parvipendens,</strong></span> <span class='ocrx_word' id='word_1_249' title='bbox 1849 4750 2131 4857; x_wconf 85' lang='lat' dir='ltr'><strong>majori</strong></span> <span class='ocrx_word' id='word_1_250' title='bbox 2169 4755 2439 4832; x_wconf 87' lang='lat' dir='ltr'><strong>animo</strong></span> <span class='ocrx_word' id='word_1_251' title='bbox 2471 4781 2708 4865; x_wconf 88' lang='lat' dir='ltr'><strong>quam</strong></span> <span class='ocrx_word' id='word_1_252' title='bbox 2749 4753 3081 4832; x_wconf 88' lang='lat' dir='ltr'><strong>consilio</strong></span> <span class='ocrx_word' id='word_1_253' title='bbox 3122 4771 3202 4832; x_wconf 90' lang='lat' dir='ltr'><strong>et</strong></span> <span class='ocrx_word' id='word_1_254' title='bbox 3237 4755 3677 4859; x_wconf 86' lang='lat' dir='ltr'><strong>impetuose</strong></span> <span class='ocrx_word' id='word_1_255' title='bbox 3703 4750 3976 4846; x_wconf 87' lang='lat' dir='ltr'><strong>nimis,</strong></span> 
     </span>
    </p>
   </div>
  </div>
 </body>
</html>
