4666 6014
1104 715 1252 788 546
1571 707 2254 785 CHRONICORUM
2303 709 2663 785 KAROLI
2712 710 3000 786 SEX'PI
3048 712 3226 788 ΠΒ.
3282 711 3419 788 IX.

1112 896 1150 936 «
1191 858 1738 942 Benedicenda
1769 888 1877 961 es,
1902 860 2395 943 Universitas
2413 922 2435 962 ‚
2459 863 2644 944 vitis
2675 848 3092 964 dulciflua,
3130 891 3291 976 que
3316 864 3508 945 tales
3535 863 3901 973 palmites

1109 1033 1148 1073 (t
1189 995 1667 1107 procreasti!
1703 998 1780 1079 N
1781 1027 1912 1078 am
1961 1001 2233 1081 revera
2252 1060 2274 1100 ,
2338 1000 2404 1079 si
2450 998 2828 1112 ‘qualitati
2883 977 3409 1109 personarum
3463 982 3896 1111 dignitates

1110 1171 1147 1210 «
1190 1133 1458 1217 debite
1498 1127 1994 1250 aptarentur,
2027 1137 2162 1217 isti
2198 1164 2477 1231 omnes
2515 1135 2618 1218 ad
2655 1134 3191 1219 cardinalatus
3232 1135 3568 1249 gradum
3606 1141 3897 1220 merito

1112 1310 1149 1349 e<
1190 1292 1803 1358 assumerentur.
1857 1308 1897 1351 n
1966 1274 2329 1356 Prefatus
2390 1293 2658 1357 autem
2721 1277 2764 1355 J
2767 1275 3127 1384 ohannes
3195 1275 3300 1358 de
3366 1275 3849 1359 Montesono
3877 1341 3896 1379 ,

1110 1415 1471 1525 quamvis
1512 1442 1731 1494 nunc
1784 1412 2025 1514 clam,
2074 1413 2294 1495 nunc
2321 1412 2643 1522 publice
2662 1476 2681 1513 ‚
2734 1415 2954 1494 nunc
2987 1431 3399 1526 oretenus,
3428 1413 3900 1525 vel-scriptis

1107 1551 1553 1666 legatorum
1608 1554 2353 1660 argumentaciones
2410 1548 2821 1632 evadendo
2841 1614 2862 1651 ,
2923 1549 3376 1633 obstinatus
3430 1550 3903 1665 aliquandiu

1113 1690 1626 1799 perstetisset,
1658 1686 1986 1769 tandem
2021 1705 2290 1768 tamen
2321 1688 2785 1768 racionibus
2816 1686 3443 1782 evidentissimis,
3456 1690 3904 1776 stimulatus

1115 1823 1550 1907 subcubuit
1566 1886 1587 1925 ,
1639 1843 1722 1907 et
1751 1899 1758 1908 ,
1766 1822 2071 1935 judicio
2113 1826 2479 1906 omnium
2527 1821 3055 1906 cardinalium
3102 1822 3368 1905 redire
3408 1825 3512 1909 ad
3549 1828 3906 1910 veritatis
4003 1821 4009 1826 ’

1118 1964 1517 2044 tramitem
1548 1979 1668 2062 est
1692 1979 2035 2045 coactus.
2071 1960 2547 2073 Auditisque
2583 1961 2775 2041 hinc
2808 1959 2999 2041 inde
3042 1960 3506 2043 racionibus
3524 2025 3545 2062 ,
3584 1961 3906 2046 tandem

1120 2130 1164 2181 a
1181 2098 1526 2180 'domino
1549 2089 1760 2211 papa
1798 2095 2056 2182 eidem
2094 2098 2506 2200 indicitur,
2529 2096 2749 2210 quod
2769 2160 2790 2198 ,
2822 2099 2979 2179 nisi
3016 2098 3248 2183 vellet
3284 2116 3669 2213 tanquam
3709 2130 3903 2183 con·-

1121 2241 1377 2319 victus
1432 2254 1515 2318 et
1559 2236 1956 2319 hereticus
2008 2239 2408 2350 reputari,
2461 2264 2702 2349 quam
2747 2236 2992 2318 cicius
3040 2234 3145 2316 ad
3195 2254 3460 2348 partes
3514 2238 3774 2321 Gallie
3823 2268 3906 2321 se

1122 2373 1620 2475 transferret,
1662 2392 1745 2454 et
1774 2375 2257 2457 correctioni
2297 2390 2537 2486 atque
2576 2369 3085 2454 ordinacioni
3122 2372 3327 2456 alme
3351 2373 3910 2456 Universitatis

1122 2541 1205 2593 se
1231 2511 1758 2593 submitteret.
1792 2510 2038 2613 Quod
2068 2509 2517 2622 spopondit
2540 2538 2626 2590 se
2647 2509 3044 2591 facturum
3065 2539 3086 2610 3
3111 2507 3249 2590 sed
3273 2528 3510 2591 nocte
3532 2529 3912 2626 sequente

1123 2650 1324 2732 clam
1343 2648 1785 2758 aufugiens,
1809 2648 1914 2730 ad
1937 2650 2467 2760 Arragoniam
2490 2676 2574 2729 se
2598 2646 3030 2750 transtulit,
3053 2645 3271 2732 unde
3298 2666 3470 2730 erat
3491 2647 3905 2732 oriundus.

2111 2925 2697 3071 CAPITULUM
2765 2987 2907 3081 111.
2938 3076 2947 3091 „

2064 3225 2157 3289 De
2178 3224 2556 3288 universitate
2583 3222 2958 3288 Bononiensi.

1244 3456 1662 3539 Interdum
1683 3544 1694 3550 ,
1718 3455 1914 3539 dum
1969 3456 2118 3539 hec
2168 3472 2544 3567 aguntur,
2603 3459 3076 3541 universitas
3134 3457 3668 3541 Bononiensis
3686 3520 3707 3559 ,
3762 3487 3917 3572 que

1134 3597 1546 3711 hucusque
1579 3598 1961 3706 antipape
1996 3612 2308 3706 partem
2342 3596 2652 3678 foverat
2673 3596 3026 3696 Urbani,
3058 3594 3457 3709 quosdam
3495 3597 3919 3679 eminentis

1133 3734 1470 3813 sciencie
1497 3734 1714 3814 viros
1746 3733 2223 3814 Av-inionem
2253 3735 2724 3832 transmisit,
2756 3736 2905 3846 qui
2942 3732 3334 3817 Clementi
3367 3731 3921 3815 obedienciam

1134 3868 1484 3969 filialem,
1524 3869 1740 3950 velut
1777 3898 2088 3951 summo
2127 3871 2358 3979 ponti
2366 3868 2497 3950 fici
2514 3932 2537 3969 ,
2578 3872 3126 3980 promiserunt
3140 3933 3159 3971 ,
3204 3888 3286 3952 et
3326 3870 3430 3952 ad
3475 3869 3918 3953 obtinenda

1135 4006 1523 4088 beneficia
1579 4007 2100 4101 ecclesiastica
2153 4010 2627 4090 auctoritate
2677 4010 2927 4120 ipsius
2978 4010 3517 4093 universitatis
3556 4008 3923 4111 ‘rotulum

1137 4120 1681 4261 poposcerunt
1734 4146 2306 4226 instantissime
2352 4144 2838 4227 confirmari.
2888 4145 2965 4226 N
2965 4146 3224 4227 unciis
3283 4144 3642 4229 osculum
3706 4146 3923 4255 pacis

1138 4310 1348 4392 papa
1385 4282 1734 4392 benigne
1770 4281 2256 4393 impendens,
2282 4283 2534 4389 verbo
2570 4300 2652 4363 et
2685 4300 2891 4364 nutu
2924 4283 3401 4393 significavit
3441 4311 3624 4366 cum
3676 4282 3924 4365 multa

1000 4402 1006 4411 ⁸
1139 4419 1434 4501 mentis
1471 4394 1896 4529 hylaritate
1922 4446 2203 4501 eorum
2231 4447 2315 4500 se
2347 4420 2781 4529 suscepisse
2812 4417 3281 4519 adventum3
3313 4437 3395 4501 et
3411 4447 3737 4530 parvam
3755 4418 3921 4501 col-

1143 4557 1533 4638 lacionem
1565 4530 1871 4670 faciens
1903 4580 1998 4637 ex
2041 4556 2449 4666 evangelio
2480 4558 2975 4639 occurrentis
3015 4555 3414 4639 dominice
3452 4555 3610 4636 hoc
3655 4555 3924 4637 thema

1137 4721 1294 4804 pro
1365 4693 1887 4803 responsione
1955 4695 2384 4804 assumpsit
2437 4724 2457 4775 ε
2524 4695 2802 4805 'Usque
2848 4695 3082 4777 modo
3134 4725 3295 4777 non
3337 4694 3651 4807 petistis
3695 4692 3926 4802 quid·

1135 4857 1385 4936 quam
1397 4860 1433 4926 ,·
1479 4830 1762 4941 petite,
1851 4847 1927 4913 et
1992 4831 2410 4942 accipietis.
2493 4830 2740 4936 Quod
2793 4862 3021 4916 more
3086 4862 3234 4916 suo
3310 4830 3929 4917 luculentissime
