4666 6014
1046 647 1183 718 458
1510 632 2195 727 CHRONfflORUM
2246 632 2602 709 KAnou
2652 632 2938 709 sEx‘n
2987 636 3165 709 Lm.
3217 636 3348 729 111.

1037 793 1245 875 senti
1286 790 1459 871 luce
1502 802 1783 868 vocata
1805 847 1824 883 ,
1875 787 2187 893 optimo
2233 784 2396 865 fine
2439 785 2744 898 quievit
2794 787 2882 865 in
2920 788 3301 871 Domino.
3331 758 3442 879 'Et
3477 791 3839 900 quamvis

1038 930 1334 1039 degens
1388 928 1474 1006 in
1525 924 1933 1021 humaniS‚
1988 925 2075 1002 in
2121 923 2393 1005 multis
2450 921 3168 1006 commendabilem
3220 954 3302 1006 se
3343 920 3831 1020 reddiderit,

1040 1069 1122 1146 in
1156 1067 1312 1145 hoc
1356 1063 1770 1172 potissime
1808 1058 2031 1171 quod
2061 1060 2316 1142 filium
2357 1088 2603 1170 ‘suum
2648 1061 2713 1140 F
2714 1060 3026 1142 landrie
3072 1064 3448 1144 comitem
3479 1061 3836 1175 Ludovi-

1039 1233 1217 1284 cum
1243 1265 1262 1299 ‚
1306 1200 1666 1309 Anglicis
1704 1197 2077 1278 hostibus
2135 1199 2366 1307 regni
2401 1196 3004 1280 confederatum
3028 1262 3048 1300 ,
3082 1200 3382 1311 pluries
3419 1199 3839 1311 impedivit

1039 1370 1140 1419 ne
1191 1355 1474 1419 contra
1519 1365 1860 1445 regnum
1916 1333 2220 1447 aliquid
2258 1336 2703 1416 moliretur.
2748 1334 3142 1419 Eumdem
3190 1366 3533 1450 namque
3572 1342 3836 1449 sepius

1037 1492 1371 1587 propter
1425 1475 1582 1554 hoc
1639 1470 1964 1582 publice
2008 1469 2612 1581 redarguendo,
2666 1503 2811 1555 sua
2856 1476 3356 1557 successione
3411 1472 3841 1585 indignum

1037 1631 1117 1691 et
1178 1609 1656 1720 degenerem
1716 1608 1974 1689 fertur
2034 1627 2491 1718 reputasse3
2552 1608 2771 1693 unde
2825 1640 3011 1693 cum
3067 1612 3316 1693 filiam
3374 1641 3597 1695 suam
3663 1616 3841 1693 uni-

1038 1752 1390 1859 genitam
1409 1810 1429 1846 ,
1465 1747 1796 1829 nomine
1842 1746 2374 1855 Margaretam
2393 1811 2412 1847 ‚
2461 1766 2753 1857 patruo
2803 1751 3015 1859 regis
3067 1750 3355 1859 Anglie
3393 1749 3579 1830 ¹duci
3611 1751 3836 1832 Lan-

1038 1890 1322 1970 castrie
1362 1887 1668 1967 nubere
1713 1883 2163 1985 affectaret,
2205 1889 2320 1967 sic
2369 1886 2803 1968 efficaciter
2839 1886 3238 1968 laboravit
3279 1906 3373 1968 ut
3409 1887 3594 1971 duci
3636 1889 3835 1969 Bur-

1038 2025 1336 2135 gundie
1380 2010 1614 2108 fratri
1669 2027 1884 2134 regis
1935 2027 2273 2106 Francie
2325 2024 2654 2108 daretur
2676 2089 2695 2125 ‚
2743 2044 2826 2107 et
2879 2030 2992 2111 sic
3027 2028 3451 2128 -Flandrie,
3507 2030 3836 2127 Artesii‚

1038 2165 1381 2244 Rethelii
1403 2226 1423 2264 ,
1461 2181 1543 2244 et
1581 2164 2039 2245 Salinarum
2083 2161 2443 2246 dominia
2488 2164 2973 2275 possideret,
3016 2163 3119 2246 ad
3160 2195 3316 2279 que
3361 2165 3677 2274 Anglici
3710 2196 3835 2246 as-

1036 2303 1414 2410 pirabant
1437 2364 1456 2402 ,
1494 2318 1586 2381 ut
1602 2301 1994 2382 licencius
2025 2301 2266 2380 solito
2296 2303 2721 2382 Franciam
2762 2303 3259 2384 infestarent.
3306 2304 3619 2412 Corpus
3647 2331 3837 2383 vero

1035 2438 1410 2520 defuncte
1459 2436 1823 2537 domine,
1880 2466 2099 2519 nona
2138 2437 2272 2518 die
2310 2439 2542 2538 maii,
2594 2438 2701 2521 ad
2736 2439 3150 2523 ecclesiam
3204 2440 3421 2521 beati
3467 2440 3837 2548 Dyonisii

1036 2577 1384 2659 delatum
1403 2638 1424 2677 ,
1466 2595 1555 2657 ‘et
1608 2576 1713 2657 ab
1754 2576 2043 2656 abbate
2081 2592 2162 2656 et
2201 2576 2596 2686 religiosis
2635 2606 2820 2657 cum
2851 2578 3275 2689 sollempni
3325 2580 3838 2689 processione

1035 2732 1478 2827 receptum,
1517 2714 1860 2823 peractis
1895 2690 2394 2795 funeralibus
2423 2715 2779 2827 exequiis
2798 2777 2818 2815 ,
2860 2716 2945 2794 in
2987 2714 3290 2825 capella
3318 2743 3459 2795 sua
3479 2776 3499 2814 ,
3536 2714 3678 2794 ubi
3722 2711 3839 2794 di-

1034 2855 1311 2933 vinum
1349 2851 1828 2933 sacrificium
1869 2867 1951 2930 et
1981 2847 2388 2932 cotidiana
2429 2851 2849 2931 missarum
2877 2851 3347 2960 sollempnia
3385 2880 3540 2963 pro
3575 2852 3838 2933 anima

1034 3022 1171 3074 sua
1200 2990 1586 3072 celebrari
1620 2989 2148 3072 constituerat
2166 3051 2186 3088 ‚
2218 2987 2620 3102 sepultum
2650 3005 2793 3069 est.

1870 3375 1899 3400 ς
1925 3254 2610 3340 CAPITULUM
2676 3257 2941 3339 VIII.

1272 3498 1407 3557 Dux
1435 3496 1767 3577 Andegavie
1794 3494 1866 3555 ad
1901 3492 2305 3574 accipiendum
2339 3495 2751 3575 possessionem
2783 3495 2948 3575 regni
2979 3492 3174 3553 Sicilie
3203 3493 3609 3574 proficiscitur.

1148 3705 1456 3785 Summi
1514 3702 1924 3814 pontificis
1988 3700 2156 3784 dux
2219 3700 2680 3811 Andegavie
2739 3706 3071 3789 monitis
3131 3706 3638 3816 acquiescens
3664 3765 3684 3802 ,
3747 3721 3838 3782 ut

1033 3844 1523 3954 sceptrigera
1555 3841 1950 3951 dignitate
1981 3844 2210 3950 regni
2257 3841 2524 3921 Sicilie
2563 3843 2964 3950 potiretur
2988 3903 3007 3941 ,
3064 3840 3249 3922 illuc
3298 3871 3481 3922 cum
3522 3867 3832 3950 pugna-

1034 4001 1307 4062 torum
1342 3977 1632 4062 vallida
1677 4008 1924 4061 manu
1962 3978 2368 4091 proficisci
2400 3978 2800 4089 disposuit
2818 4040 2838 4078 ,
2873 3977 3422 4059 omnimodam
3463 3976 3836 4088 supellec-

1036 4120 1256 4201 tilem
1281 4181 1299 4216 ,
1369 4146 1600 4228 gazas
1657 4116 1948 4199 valoris
2008 4117 2567 4198 inestimabilis
2586 4179 2606 4217 ‚
2656 4115 2948 4229 jocalia
3007 4143 3245 4198 aurea
3290 4133 3370 4196 et
3418 4131 3793 4225 argentea
3813 4177 3832 4211 ,

1036 4260 1460 4341 hominum
1504 4257 2103 4338 estimacionem
2151 4274 2316 4337 tam
2371 4259 2639 4370 operis
2678 4257 3133 4367 eleguancia
3161 4283 3405 4370 quam
3440 4252 3836 4364 dignitate

1035 4399 1366 4480 macerie
1420 4398 1742 4507 penitus
1801 4395 2318 4497 excedencia,
2373 4399 2463 4477 in
2526 4397 3011 4478 Avinionetn
3065 4396 3563 4507 premittens.
3622 4394 3730 4476 Ut
3785 4421 3834 4472 a

1034 4538 1342 4620 cunctis
1383 4533 1814 4644 regnicolis
1861 4534 2184 4647 liliaque
2220 4531 2767 4628 deserentibus
2797 4562 3113 4618 summo
3146 4511 3486 4645 semper'
3510 4531 3834 4614 habitus

1032 4660 1294 4758 fuerat
1314 4674 1663 4773 honore,
1686 4673 1804 4753 sic
1832 4690 1914 4753 et
1936 4700 2330 4755 recessum
2357 4672 2611 4783 ipsius
2628 4675 2654 4719 ¹
2697 4703 2883 4756 cnm
2903 4671 3371 4759 venerando
3402 4670 3655 4752 affatu
3691 4669 3836 4749 hu-

1108 4871 1122 4896 ‘
1164 4859 1299 4916 Var.
1331 4887 1344 4915 .·
1377 4856 1631 4934 1105960,
1662 4855 1759 4914 sol.
1779 4815 1858 4927 '43
1882 4877 1957 4930 ι,
1986 4875 2263 4918 recessum
2291 4876 2476 4914 suum.
