4666 6014
1093 670 1235 741 204
1557 676 2240 757 CHRONICORUM
2291 681 2648 757 KAROLI
2699 683 2984 759 SEXTI
3034 687 3211 759 LIB.
3266 686 3393 758 111.

1917 1021 1922 1028 -
2018 963 2693 1052 CAPITULUM
2763 966 2947 1048 XV.

1252 1186 1299 1245 F
1299 1187 1639 1273 lammingos
1667 1192 1967 1279 Philippus
1996 1199 2070 1262 de
2096 1199 2386 1263 Artevella
2414 1202 2717 1261 efficaciter
2743 1199 3005 1260 hortatur
3028 1211 3095 1259 ut
3125 1198 3365 1260 viriliter
3393 1197 3709 1260 decertent.

1196 1393 1371 1474 Jam
1412 1399 1683 1480 multis
1724 1404 1997 1511 preliis
2043 1407 2610 1489 Gandavensae
2656 1425 2736 1487 et
2781 1409 2905 1487 sui
2951 1405 3446 1488 confederati
3489 1405 3875 1504 lacessiti,

1083 1557 1265 1609 cum
1309 1534 1860 1622 molestissime
1898 1543 2203 1626 ferrent
2247 1546 2546 1657 ubique
2580 1546 3115 1654 Francigenas
3156 1546 3408 1625 sevire
3453 1546 3760 1653 rapinis
3799 1561 3879 1623 et

1083 1666 1445 1772 cedibus,
1490 1703 1637 1756 nec
1665 1677 1766 1758 ad
1802 1681 1966 1759 vim
1993 1702 2355 1791 apertam
2388 1683 2846 1763 sufficerent
2879 1679 3416 1778 inferendam,
3468 1708 3656 1759 mox
3685 1680 3874 1759 Phi-

1082 1803 1306 1916 lippo
1342 1808 1442 1890 de
1462 1814 1855 1896 Artevella
1883 1818 2467 1900 mandaverunt
2488 1838 2605 1919 ut,
2628 1819 2990 1931 qualibet
3021 1820 3539 1898 excusacione
3561 1816 3873 1924 rejecta,

1079 1940 1184 2023 ad·
1225 1947 1609 2040 interiora
1653 1953 2030 2036 Flandrie
2080 1960 2350 2064 copias
2384 1976 2874 2038 armatorum
2909 1959 3275 2036 virorum
3302 1955 3741 2063 trajiceret,
3787 1971 3876 2032 ut

1079 2079 1554 2168 deliberaret
1592 2091 1791 2202 quid
1823 2091 2012 2174 inde
2032 2092 2436 2203 agendum
2466 2112 2693 2174 esset.
2729 2096 2894 2194 Qui
2922 2094 3042 2207 ‘ab
3073 2090 3497 2172 obsidione
3539 2087 3876 2170 d'Aude-

1079 2221 1365 2323 narde‚
1411 2255 1651 2336 quam
1697 2230 1864 2339 jam
1913 2234 2001 2310 in
2046 2259 2401 2312 mensem
2456 2233 2793 2310 tercium
2840 2248 3385 2337 protraxerat,
3455 2226 3831 2309 recedens
3851 2292 3871 2326 ‚

1078 2359 1190 2438 ibi
1239 2362 1511 2442 relicta
1554 2365 1949 2466 custodia,
2002 2397 2185 2447 cum
2231 2365 2767 2477 quadraginta
2810 2366 3135 2447 milibus
3191 2366 3876 2474 Flammingorum

1075 2496 1455 2579 accedens
1480 2563 1498 2599 ‚
1530 2506 1951 2583 secreciori
1981 2504 2228 2584 modo
2260 2534 2426 2616 quo
2461 2507 2754 2614 potuit,
2787 2507 2949 2584 suis
2976 2506 3338 2613 precepit
3368 2502 3471 2583 ad
3496 2504 3876 2583 cautelam

1076 2653 1165 2715 ut
1189 2635 1590 2742 globatim
1605 2668 1688 2718 se
1711 2658 2100 2740 tenerent,
2134 2671 2297 2754 quo
2321 2643 2748 2752 paucitatis
2787 2644 3126 2750 oppinio
3147 2641 3497 2740 Gallicis,
3524 2643 3591 2720 si
3612 2669 3878 2748 perce-

1071 2776 1400 2880 pissent,
1435 2795 1860 2884 augeretur
1879 2840 1898 2878 ,
1947 2808 2095 2860 nec
2125 2781 2445 2862 abirent
2476 2777 2992 2860 multitudine
3033 2781 3320 2859 territi.
3344 2778 3475 2857 Ab
3498 2781 3871 2858 universo

1076 2914 1321 3019 igitur
1340 2914 1643 3024 populo
1665 2916 1919 2997 multo
1954 2937 2383 3027 preventus
2420 2918 2732 2999 honore
2767 2933 2847 2997 et
2871 2919 3236 2996 omnium
3261 2918 3522 3025 gracia
3558 2945 3873 3024 suscep-

1074 3069 1226 3151 ωε,
1256 3053 1607 3159 generali
1641 3055 2216 3163 compendioso
2253 3058 2842 3139 communicato
2874 3055 3247 3154 consili0,
3274 3056 3461 3166 quia
3500 3053 3738 3134 ferias
3784 3056 3873 3134 li-

1072 3190 1768 3303 beriorestinstans
1800 3222 1967 3277 non
1992 3197 2459 3307 paciebatur
2491 3196 2940 3294 necessitas,
2975 3193 3398 3274 duminter
3427 3192 3872 3274 deliberan-

1076 3326 1269 3408 dum
1292 3350 1783 3441 quereretur,
1810 3338 1878 3415 si
1899 3335 2281 3444 eligerent
2303 3332 2809 3415 dedicionem
2833 3331 3217 3412 humilem
3233 3348 3371 3411 aut
3387 3331 3620 3441 prelii
3641 3360 3877 3441 expe-¹

1075 3470 1428 3549 rirentur
1465 3469 1912 3572 fortunam,
1960 3474 2026 3553 is
2070 3472 2731 3553 insolentissimis
2760 3471 3025 3552 verbis
3056 3487 3351 3549 statum
3377 3469 3871 3548 Francorum

1074 3603 1558 3716 deprimens,
1585 3637 1861 3692 omnes
1885 3608 1988 3691 ad
2018 3612 2358 3692 viriliter
2381 3609 2915 3692 resistendum
2932 3607 3196 3688 taliter
3226 3607 3693 3686 exhortatus
3714 3622 3865 3685 est:
3948 3716 3953 3719 .
4041 3616 4054 3630 ‘

1189 3777 1226 3816 ι(
1259 3745 1736 3858 Quousque,
1772 3750 2039 3861 inquit
2063 3813 2081 3850 ,
2118 3751 2652 3859 compatriote
2692 3766 2774 3826 et
2811 3747 3090 3842 amici,
3144 3743 3623 3851 ignorabitis
3663 3743 3889 3822 vires‘

1075 3914 1112 3954 c<
1141 3899 1477 3983 vestras,
1517 3913 1716 3996 quas
1758 3906 2043 3969 natura
2088 3917 2189 3971 ne
2240 3885 2573 3999 quidem
2611 3885 2883 3965 beluas
2926 3887 3302 3991 ignorare
3335 3879 3642 3960 voluit}>
3696 3880 3867 3958 Nu·-

1076 4052 1112 4090 «
1145 4037 1441 4100 merate
1494 4024 1773 4103 saltem
1823 4045 2023 4137 quot
2081 4029 2233 4133 ipsi
2283 4024 2456 4104 sitis
2479 4087 2497 4123 ,
2543 4040 2745 4135 quot
2793 4018 3290 4101 adversarios
3341 4018 3723 4097 habeatis.
3784 4018 3866 4096 Si

1071 4189 1108 4229 (ε
1140 4157 1434 4266 singuli
1467 4162 1821 4270 singulos
1862 4163 2317 4272 adgressuri
2348 4163 2620 4242 essetis
2639 4223 2659 4260 ‚
2694 4178 2962 4239 tamen
2996 4160 3254 4238 acrius
3294 4153 3697 4235 crederem
3729 4184 3868 4235 vos

1072 4329 1108 4366 «
1140 4320 1292 4404 pro
1332 4325 1563 4378 causa
1600 4318 1859 4380 vestra
1888 4303 2324 4413 justissima
2367 4329 2610 4412 quam
2646 4298 2844 4378 alios
2890 4324 3046 4405 pro
3086 4293 3655 4376 dominacione
3697 4294 3864 4373 vio-

1071 4467 1107 4547 ‘f
1138 4431 1353 4513 lenta
1412 4455 1876 4518 certaturos.
1946 4437 2371 4551 Ostendite
2428 4434 2676 4516 modo
2732 4433 3030 4515 bellum
3056 4492 3077 4532 ,
3134 4461 3413 4542 pacem
3464 4430 3866 4510 habebitis

983 4660 992 4667 ,
1070 4544 1633 4695 (ξλρῥῳθωαηι.
1701 4574 1946 4675 Quod
1976 4639 1995 4676 ,
2065 4578 2246 4687 quis
2318 4573 2569 4674 dieat,
2637 4571 3119 4683 agredimini
3187 4567 3864 4663 abhominemini;

1031 4741 1107 4795 .‹<
1139 4696 1356 4821 Deus
1413 4712 1880 4820 prohibeat3
1955 4716 2097 4825 qui
2159 4733 2430 4819 tamen
2493 4731 2827 4824 propter
2888 4713 3208 4821 incepta
3286 4732 3701 4816 nunquam
3764 4700 3865 4807 de

1068 4880 1104 4919 c<
1140 4846 1309 4926 celo
1350 4845 1812 4952 descendet,
1854 4850 1993 4933 sed
2025 4870 2125 4933 ut
2164 4853 2396 4936 vobis
2441 4851 2579 4934 det
2621 4850 3037 4934 audaciam
3080 4862 3462 4983 opportet
3491 4840 3592 4923 ad
3636 4866 3879 4949 agre-·
