4666 6014
1088 661 1233 731 664
1550 651 2230 725 CHRONICORUM
2279 649 2634 723 KAROLI
2686 647 2969 721 SEXTI
3019 648 3196 721 LIB.
3253 649 3388 722 xl.

955 859 966 868 ⁴
1086 811 1426 901 minuta,
1452 801 1774 913 quidam
1803 820 2024 882 trans
2051 801 2333 880 loricas
2367 801 2641 908 sagitis
2669 796 3019 877 confossi
3049 797 3322 877 subito
3354 796 3869 881 defficiebant

1089 958 1572 1023 corruentes.
3286 943 3291 948 ’

1199 1076 1559 1158 Tandem
1602 1093 1866 1156 tamen
1921 1074 2416 1155 attendentes
2468 1071 2687 1183 quod
2729 1075 2842 1153 sic
2892 1102 3058 1153 non
3115 1061 3685 1180 proficiebant,
3725 1074 3864 1155 sed

1087 1219 1363 1326 pocius
1385 1214 1775 1294 inutiliter
1802 1240 2122 1319 operam
2158 1205 2734 1291 consumebant
2762 1227 2841 1290 et
2875 1207 3223 1290 studium
3242 1271 3261 1309 ,
3294 1206 3395 1289 de
3422 1212 3865 1319 peritorum

1089 1352 1460 1448 consilio,
1500 1349 1929 1431 nonnullos
1967 1350 2106 1460 qui
2138 1349 2662 1427 architecture
2690 1409 2709 1445 ,
2763 1365 2843 1426 et
2871 1349 3010 1456 qui
3055 1345 3428 1427 cedendis
3450 1409 3469 1445 ‚
3505 1347 3868 1430 dolendis

1089 1508 1168 1568 et
1223 1484 1692 1595 copulandis
1768 1485 2132 1564 trabibus
2194 1483 2601 1562 habebant
2665 1484 3078 1591 periciem,
3152 1485 3717 1581 accersierunt,
3778 1503 3870 1564 ut

1089 1623 1304 1735 quod
1348 1622 1651 1703 viribus
1683 1621 2162 1732 nequibant,
2200 1639 2372 1700 arte
2422 1622 2774 1701 valerent
2825 1619 3216 1727 supplere.
3265 1619 3466 1726 Ipsis
3525 1648 3868 1730 namque

1091 1779 1265 1840 tum
1308 1758 1599 1839 tradita
1639 1786 1791 1866 pro
1833 1759 2041 1837 votis
2072 1757 2425 1866 subjecta
2460 1775 2538 1837 et
2568 1757 2902 1836 navibus
2948 1753 3269 1835 advecta
3310 1757 3638 1836 materia
3673 1784 3865 1866 pro-

1091 1897 1622 2008 pugnaculum
1663 1896 1823 1976 sive
1861 1895 2264 1975 castellum
2307 1895 2664 2003 ligneum
2692 1895 3306 1991 tricameratum,
3336 1892 3862 2002 longitudinis

1084 2032 1606 2144 quadraginta
1629 2030 1920 2139 pedum
1948 2031 2442 2143 totidemque
2460 2028 2933 2128 latitudinis,
2968 2032 3368 2143 quercinis
3402 2048 3861 2111 contextum

1090 2171 1491 2267 trabibus,
1530 2187 1608 2249 et
1648 2196 1790 2277 per
1820 2168 2211 2248 ambitum
2241 2168 2928 2265 circumclausum,
2965 2168 3074 2248 ita
3113 2185 3208 2246 ut
3235 2166 3674 2247 introducti
3720 2197 3863 2276 pu-

1090 2309 1280 2416 giles
1312 2307 1415 2387 ab
1457 2307 1678 2386 omni
1711 2306 2053 2386 telorum
2102 2306 2633 2405 immissione,
2661 2307 2879 2414 jactu
2919 2307 3164 2392 eciam
3210 2305 3625 2385 molarium
3671 2306 3864 2413 lapi·

1091 2443 1280 2523 dum
1343 2444 1594 2526 securi
1660 2444 2221 2539 consisterent,
2286 2460 2928 2523 construxerunt.
2973 2440 3126 2521 Sed
3177 2470 3359 2528 cum
3400 2443 3864 2551 ingentibus

1084 2581 1493 2666 laboribus
1535 2596 1616 2659 et
1644 2582 2009 2686 expensis
2054 2579 2204 2658 sub
2239 2580 2442 2659 rotis
2471 2578 2955 2658 volubilibus
2998 2594 3457 2658 constructo
3509 2576 3860 2675 edificio,

1085 2746 1261 2795 cum
1317 2716 1658 2795 artifices
1704 2715 2039 2795 militum
2095 2743 2260 2794 non
2315 2717 2898 2824 acquiescentes
2938 2716 3265 2802 monitis
3316 2717 3576 2823 ipsum
3615 2717 3863 2794 muris

1084 2853 1482 2960 applicare
1510 2852 2033 2960 negligerent,
2075 2854 2574 2960 experiencia
2607 2850 3106 2933 didiscerunt
3137 2851 3357 2965 quod

1628 3062 2093 3080 .......
2143 3017 2369 3079 nocuit
2398 3010 2665 3110 differre
2685 3017 2970 3101 paratis.

1087 3156 1290 3233 Nam
1314 3156 1580 3233 hostes
1601 3182 1778 3233 cum
1804 3154 2193 3234 machinis
2211 3155 2701 3266 jaculatoriis
2728 3156 3066 3236 molares
3090 3156 3392 3267 lapides
3418 3159 3733 3238 interim
3758 3186 3863 3236 se-

1087 3293 1266 3397 pius
1298 3291 1773 3390 emittenteS,
1808 3289 2002 3370 illud
2039 3291 2318 3370 solutis
2360 3292 2965 3399 compaginibus
3006 3293 3284 3373 inutile
3310 3291 3859 3374 reddiderunt.

1199 3428 1309 3506 Ut
1347 3454 1490 3533 per
1543 3455 1765 3505 mare
1787 3489 1805 3524 ,
1865 3427 2085 3538 quod
2147 3458 2191 3508 a
2246 3428 2489 3510 latere
2522 3458 2756 3545 muro
2811 3433 3277 3539 contiguum
3338 3448 3539 3528 erat,
3596 3433 3863 3511 hostes

1085 3582 1412 3673 possent
1450 3565 1691 3644 eciam
1740 3567 2218 3672 expugnari,
2268 3565 2554 3672 prefati
2602 3567 2942 3648 artifices
2985 3595 3222 3675 super
3275 3596 3585 3666 navem,
3622 3595 3863 3680 quam

1087 3699 1236 3780 defi
1248 3701 1366 3779 xis
1392 3701 1762 3781 anchoris
1795 3698 2310 3781 reddiderant
2335 3702 2696 3783 stabilem
2718 3764 2738 3801 ,
2772 3702 3111 3811 ligneam
3136 3704 3419 3781 turrim
3448 3720 3863 3783 erexerant

1085 3858 1414 3950 pontem
1455 3841 1541 3917 in
1592 3838 2040 3916 summitate
2088 3837 2517 3918 habentem
2557 3841 2697 3949 qui
2738 3855 3409 3949 superponeretur
3447 3866 3728 3937 muro,
3770 3857 3860 3917 ut

1083 3977 1606 4055 manutentim
1645 3993 2181 4084 pugnaretur3
2227 3973 2362 4054 sed
2417 3992 2495 4055 et
2553 3975 2707 4055 hoc
2773 3952 3295 4089 adinventum
3349 4004 3551 4083 opus
3613 3975 3856 4055 nichil

1085 4113 1403 4227 penitus
1448 4111 1806 4233 profecit.
1853 4112 2059 4191 Nam
2103 4139 2193 4190 ex
2231 4109 2547 4193 duobus
2576 4114 3004 4223 Normanis
3039 4115 3178 4226 qui
3219 4112 3323 4193 ad
3367 4113 3860 4193 strenuitatis

1083 4249 1407 4330 titulum
1444 4247 2013 4359 acquirendum
2042 4250 2249 4329 hanc
2288 4252 2926 4359 congressionem
2970 4254 3212 4361 primi
3245 4268 3861 4359 temptaverunt,

1088 4414 1338 4465 unum
1400 4386 1797 4491 capientes
1828 4445 1848 4483 ,
1913 4385 2356 4467 frustratim
2408 4385 2746 4469 divisum
2798 4405 2878 4473 et
2943 4389 3332 4467 machinis
3383 4389 3859 4482 immissum,

1084 4521 1185 4603 ad
1227 4518 1783 4602 incu'ciendum
1834 4541 2219 4604 terrorem
2270 4524 2744 4605 christicolis
2763 4587 2781 4623 ,
2826 4553 3062 4632 super
3115 4552 3250 4604 eos
3306 4524 3815 4633 projecerunt
3839 4583 3857 4617 ,

1082 4660 1416 4740 alterum
1454 4687 1642 4741 vero
1693 4659 2010 4742 fortiter
2064 4662 2531 4770 preliantem
2574 4658 2676 4748 ad
2719 4690 2899 4770 yma
2961 4663 3437 4769 proicientes
3495 4660 3858 4741 submer-

1081 4815 1377 4883 serunt.
1399 4886 1406 4895 ,
