4666 6014
1865 757 2980 1021 QHfiONI-CO'RUM
3062 864 3079 912 ι

1546 1087 3286 1281 KAROLISEXTI

1884 1457 2249 1570 LIBER
2324 1478 2936 1571 OCTAVUS.

2273 1738 2595 1793 Pontificum
2618 1757 2678 1801 x,

2271 1813 2663 1881 Imperatorum
2682 1812 2887 1878 nunus,

2027 2539 2695 2618 CAPITULUM
2764 2542 2826 2616 Ι.

2175 2761 2280 2835 'De
2309 2774 2677 2837 mortalitate.

1148 3006 1488 3086 Insmms
1509 3032 1794 3105 ‚annus
1823 3020 2142 3088 exactus
2192 3003 2476 3113 hyeme
2519 3003 2780 3114 gelida
2825 3023 2905 3085 et
2943 3005 3220 3087 nivosa
3258 3003 3437 3097 fuit.
3481 3002 3827 3088 Tristem

911 3125 968 3158 '¹'
1031 3145 1436 3253 hyemem,
1474 3146 1638 3225 sive
1675 3171 1774 3222 ex
1808 3144 2283 3252 intemperie
2316 3142 2465 3223 celi
2494 3178 2530 3241 ,·
2552 3147 2850 3254 raptim
2883 3145 3460 3225 mutacione·in
3502 3161 3825 3224 contra--

1031 3282 1241 3362 rium
1273 3281 1483 3362 facta
1510 3343 1530 3380 ‚
1562 3282 1725 3362 sive
1755 3280 1908 3360 alia
1939 3309 2097 3393 qua
2129 3277 2229 3360 de
2258 3309 2494 3391 causa
2520 3343 2538 3378 ,
2585 3284 2845 3390 gravis
2877 3281 3419 3394 pestilensque,
3447 3283 3823 3363 omnibus

1028 3419 1507 3500 animalibus
1552 3419 1689 3498 hic
1736 3447 1994 3501 annus
2048 3418 2383 3526 excepit.
2440 3418 2647 3498 Nam
2697 3448 2742 3498 a
2793 3420 3201 3530 principio
3253 3422 3526 3500 estatis
3574 3447 3824 3530 usque

1028 3555 1130 3639 ad
1177 3586 1532 3639 mensem
1579 3556 2023 3637 decembris
2073 3554 2515 3636 mortalitas
2558 3571 2846 3665 magna
2892 3558 3151 3666 viguit
3195 3559 3281 3636 in
3332 3573 3508 3636 toto
3571 3583 3822 3664 regno

1027 3696 1093 3775 F
1096 3698 1424 3805 rancieu,
1478 3714 1559 3775 et
1608 3693 1788 3776 dira
1844 3711 2424 3805 apostematum
2481 3694 2810 3775 infectio
2874 3697 3203 3805 juvenes
3263 3691 3822 3774 indifferenter

1028 3862 1210 3914 cum
1237 3834 1562 3915 senibus
1604 3834 2043 3914 substraxit
2088 3833 2192 3913 ab
2238 3832 2397 3912 hoc
2429 3831 2729 3912 lumine
2768 3831 3181 3937 mundiali.
3231 3830 3591 3955 Indeque
3634 3834 3820 3911 civi-

1027 3990 1227 4053 tates
1312 3974 1603 4083 regni,
1679 3972 2016 4054 assiduis
2095 3971 2475 4051 exhauste
2527 3970 2948 4052 funeribus
2975 4033 2996 4071 ‚
3079 3970 3368 4051 multas
3430 3986 3510 4048 et
3569 3968 3817 4049 claras

1025 4108 1307 4191 domos
1343 4110 1719 4218 lugubres
1750 4106 2302 4190 reddiderunt.
2355 4109 2558 4188 Cum
2592 4110 2711 4188 vis
2743 4108 3009 4189 morbi
3044 4135 3193 4187 nec
3222 4106 3592 4187 humanis
3626 4134 3816 4185 con-

993 4246 1220 4328 ·siliis
1275 4247 1691 4347 levaretur,
1740 4274 2144 4327 sermones
2191 4244 2292 4325 ad
2341 4245 2731 4355 populum
2767 4245 3068 4357 ubique
3123 4244 3384 4351 habiti
3441 4260 3652 4324 sunt.
3713 4243 3815 4321 Et

1023 4414 1206 4467 cum
1277 4382 1492 4496 apud
1565 4413 1840 4465 omnes
1885 4402 2285 4479 „constare
2346 4381 2752 4463 videretur
2832 4380 3052 4495 quod
3104 4399 3440 4493 propter
3489 4398 3813 4489 peccata

1018 4525 1460 4607 Dominum
1497 4498 1600 4603 ad
1632 4522 2130 4607 iracundiam
2156 4537 2723 4632 provocassent
2745 4583 2766 4620 ,
2799 4521 3055 4601 clerus
3084 4517 3185 4600 de
3213 4520 3619 4600 communi
3650 4535 3810 4598 sta-

1018 4663 1175 4742 tuit
1218 4658 1555 4742 consilio
1596 4678 1863 4740 errata
1910 4663 2312 4769 corrigere
2354 4677 2433 4739 et
2486 4686 2845 4740 excessus
2890 4658 3254 4768 redigere
3296 4659 3385 4736 in
3427 4652 3759 4736 modum
3789 4716 3809 4751 ,

1024 4819 1113 4881 ut
1153 4799 1477 4912 tandem
1501 4797 1602 4880 ad
1625 4799 1937 4909 frugem
1982 4798 2333 4882 melioris
2375 4799 2534 4879 vite
2561 4797 3030 4895 redeuntes,
3070 4815 3151 4880 et
3178 4825 3332 4908 pro
3366 4794 3810 4876 commissis
