4666 6014
1047 690 1190 761 2⁴6
1432 737 1440 743 -
1512 686 2199 761 CHRONIGORUM
2250 677 2608 764 KAROLI
2660 681 2948 765 SEXTI
2997 687 3175 764 LIB.
3230 685 3356 758 111.

1048 840 1256 918 ravit
1292 867 1309 915 t
1366 870 1408 911 <c
1463 838 1985 944 Compertum
2029 865 2184 945 ego
2235 838 2496 917 babeo
2517 900 2534 935 ,
2587 836 3169 920 commilitones
3220 838 3554 945 optimi,
3602 836 3844 921 verba

1050 1010 1087 1050 <c
1126 1003 1297 1055 non
1340 973 1633 1054 addere
1663 977 2077 1072 virtutem,
2114 1003 2375 1087 neque
2415 1004 2514 1054 ex
2563 977 2859 1082 ignavo
2894 992 3342 1073 strenuum,
3387 1003 3647 1087 neque
3684 978 3848 1057 for-

1051 1148 1087 1186 «
1125 1130 1283 1191 tem
1326 1139 1423 1191 ex
1465 1109 1755 1191 timido
1794 1114 2230 1192 exercitum
2270 1111 2496 1192 ducis
2538 1113 2914 1193 oracione
2962 1112 3161 1191 fieri.
3207 1113 3534 1216 Quanta
3576 1115 3846 1225 cujusl·

1764 1247 1785 1252 ”
2017 1269 2302 1330 natura
2355 1268 2494 1330 aut
2539 1250 2902 1329 moribus
2935 1251 3181 1349 inest,
3225 1279 3440 1331 nunc
3488 1252 3841 1360 patebit,

2003 1389 2027 1465 i
2063 1385 2561 1485 discrimine,
2626 1386 2636 1388 ⁴

2000 1563 2035 1623 ¹,
2084 1553 2183 1605 ne
2225 1524 2495 1604 hostes
2539 1554 2598 1603 u¹

2000 1689 2151 1743 ros
2189 1696 2227 1735 >2
2261 1658 2598 1743 Moneba

1046 1829 1054 1877 ]
2000 1798 2476 1897 tharentum
2537 1795 2591 1875 fi

1048 1975 1054 2008 ι
2000 1933 2386 2016 ,ιοίαῐηειηε
2426 1936 2583 2015 alta

2000 2103 2052 2153 ts
2107 2092 2257 2154 est
2266 2075 2577 2154 fructus

2000 2240 2117 2291 lm
2143 2213 2310 2322 jam
2338 2213 2598 2321 sagita:

1046 2347 1285 2446 tude,
1327 2318 1419 2428 ut
1462 2350 1719 2429 instar
1757 2348 2218 2458 grandinis
2218 2343 2491 2429 ambas
2538 2379 2598 2484 a«

1046 2490 1286 2568 variis
1326 2486 1828 2569 clamoribus
1858 2507 1939 2568 e‘t
1984 2482 2459 2572 horrendo‘
2447 2518 2598 2568 cun

1046 2628 1312 2706 vicino
1348 2655 1531 2705 aere
1562 2627 2108 2734 multipliciter
2142 2602 2598 2724 echonisanl

1046 2763 1452 2872 fragorem
1489 2793 1901 2844 armorum
1934 2743 2306 2863 noverat,
2330 2784 2423 2845 et
2448 2792 2596 2876 per

1052 2900 1152 2981 de
1184 2901 1620 3015 Tanques¹
1666 2903 2031 3017 nomine,
2074 2903 2362 2986 horam
2402 2932 2670 3021 pugne
2710 2901 3118 3013 advenisse
3149 2902 3630 3011 intelligens,
3667 2922 3847 2984 cum·

1052 3038 1491 3125 devocione
1528 3070 1826 3125 manus
1853 3040 1956 3121 ad
1999 3042 2253 3122 celum
2288 3034 2643 3142 elevanS,
2684 3071 2838 3151 pr9
2877 3045 3211 3125 victoria
3260 3045 3657 3143 exoravit,
3707 3047 3852 3123 im-

1055 3179 1541 3291 ploransque
1570 3199 2031 3261 sanctorum
2052 3181 2486 3279 auxilium,
2522 3181 2753 3260 beate
2779 3178 3029 3261 Marie
3062 3198 3140 3260 et
3169 3181 3406 3260 beato
3431 3182 3845 3291 DyonisiO,

1054 3316 1390 3398 Francie
1422 3321 1866 3426 protectori
1906 3321 2327 3430 precipue,
2369 3319 2778 3399 humiliter
2819 3348 2901 3398 se
2934 3315 3277 3398 devovit.

1165 3455 1288 3534 In
1294 3456 1465 3539 hoc
1511 3458 1765 3536 eciam
1818 3459 2193 3556 instanti,
2237 3486 2422 3536 cum
2442 3434 2853 3541 dominus
2898 3456 3176 3536 Petrus
3225 3450 3327 3535 de
3372 3451 3846 3552 Villaribus,

1051 3593 1260 3699 iegis
1299 3593 1726 3701 vexillifer,
1769 3582 2410 3675 auriflammam
2383 3623 2613 3705 Jussu
2653 3595 2822 3703 eJ'us
2863 3611 3102 3674 vento
3132 3594 3666 3701 exposuisset,
3706 3593 3853 3670 mi-

1049 3755 1231 3807 rum
1263 3746 1343 3807 et
1382 3746 1584 3810 nutu
1625 3727 1901 3811 divino
1958 3732 2259 3813 factum
2278 3795 2295 3830 ,
2341 3746 2671 3841 repente
2729 3731 3057 3813 tenebre
3096 3728 3642 3828 abscedentes,
3681 3727 3850 3809 dies

1050 3865 1472 3946 clarescere
1529 3870 1742 3976 cepit
1771 3931 1790 3967 ,
1850 3872 2057 3948 sicut
2114 3872 2388 3949 estatis
2444 3869 2712 3950 medio
2733 3932 2753 3967 ,
2809 3887 2890 3948 et
2947 3869 3066 3947 sol
3122 3866 3391 3946 radios
3439 3867 3807 3947 emittens
3828 3929 3848 3966 ,

1050 4005 1279 4114 quasi
1309 4005 1638 4087 Francis
1667 4003 2210 4113 applauderet,
2239 4007 2894 4086 reverberacicne
2919 4008 3336 4116 perspicua
3367 4003 3638 4084 oculos
3667 4004 3852 4083 hos-

1049 4142 1256 4219 tium
1288 4143 1589 4248 incepit
1619 4143 2094 4223 mirabiliter
2129 4143 2527 4224 infestare.
2568 4145 2664 4222 In
2701 4145 2947 4223 inicio
2980 4146 3037 4241 ²,
3074 4143 3386 4249 magnis
3419 4141 3615 4220 hinc
3657 4138 3846 4220 inde

1053 4276 1340 4359 animis
1360 4340 1378 4376 ,
1415 4277 1621 4359 odiis
1652 4308 1974 4394 quoque
2009 4280 2554 4362 ineffabilibus
2595 4303 3069 4361 concursum
3101 4292 3259 4379 est'3
3293 4277 3434 4360 sed
3466 4276 3661 4359 dum
3693 4279 3851 4388 gla-

1054 4413 1209 4495 diis
1241 4434 1322 4495 et
1355 4415 1898 4526 godendardis
1945 4420 2029 4498 in
2079 4449 2356 4500 necem
2394 4437 2755 4500 mutuam
2786 4421 2978 4498 totis
3019 4418 3323 4498 viribus
3358 4419 3807 4528 aspirarent
3827 4478 3845 4513 ,

1052 4550 1322 4632 hostes
1360 4554 1571 4633 mole
1615 4554 2156 4634 multitudinis
2191 4554 2762 4665 condempsate
2806 4555 3451 4665 impenetrabiles
3486 4553 3842 4649 fuerunt,

1118 4860 1137 4884 *
1180 4851 1326 4909 Var.
1342 4877 1355 4904 .-
1378 4869 1439 4910 n⁰
1457 4853 1622 4930 5960,
1641 4855 1736 4912 fol.
1766 4859 1840 4931 49
1860 4874 1932 4927 r.,
1970 4857 2281 4932 Trenques.
2536 4870 2556 4894 ¹
2584 4861 2755 4917 Van.-
2781 4870 2843 4916 ιιθ
2862 4859 3032 4935 5960,
3055 4859 3154 4916 sol.
3176 4863 3245 4934 49
3263 4877 3335 4929 r.,
3358 4858 3427 4914 In
3456 4854 3628 4912 inicio
3646 4855 3831 4929 palii.
