4666 6014
1835 862 3220 1009 CHRONICORUM.

1604 1114 3399 1403 KARoLtsEXTI

2024 1526 2398 1619 LIBER
2463 1526 2969 1625 PRIMUS.

2094 1913 2740 2063 -οἈΡΙΤυιωὶ
2789 1982 2853 2059 1.

1112 2223 1369 2281 Primum
1398 2218 1716 2309 capitulum
1743 2219 2118 2281 Cronicorum
2168 2218 2372 2278 Karoli
2398 2218 2556 2279 Sexti
2598 2214 2855 2277 continet
2882 2210 3171 2298 quomodo
3193 2261 3209 2291 ,
3245 2231 3409 2299 patre
3443 2216 3711 2281 defuncto
3732 2261 3748 2291 ‚
3782 2218 3902 2295 ejus

1799 2326 1989 2406 patrui
2033 2338 2448 2387 consenserunt
2489 2337 2555 2384 ut
2582 2324 2782 2384 Remis
2811 2337 3204 2387 coronaretur.

1225 2534 1712 2615 SEREMSSIMI
1744 2595 1761 2629 ‚
1820 2532 1966 2611 Dei
2026 2533 2326 2639 gracia,
2373 2514 2583 2641 regis
2624 2530 3121 2615 Francorum
3163 2531 3481 2613 Karoli¹
3533 2531 3716 2611 licet
3756 2533 3904 2609 im-

1110 2671 1374 2779 perito
1412 2668 1597 2748 stilo
1639 2685 1855 2776 gesta
1897 2665 2253 2747 defuncti
2291 2669 2749 2777 scripserim
2790 2671 3179 2777 genitoris
3199 2733 3220 2765 ‚
3261 2697 3504 2779 opere
3543 2670 3902 2777 precium

1111 2826 1378 2886 tamen
1405 2832 1587 2885 reor
1618 2808 1789 2916 ejus
1821 2805 2185 2885 moribus
2208 2786 2624 2885 'addidisse
2658 2834 2900 2917 quam
2925 2806 3294 2914 vigilanti
3321 2802 3587 2885 studio
3612 2807 3904 2916 Aequi*-

1111 2944 1411 3024 taniam
1449 2960 1528 3023 et
1551 2943 2017 3045 comitatum
2041 2943 2360 3024 Pontivi
2389 2944 2721 3025 amissos
2746 2943 3366 3052 recuperaverit,
3395 2941 3611 3022 velut
3635 2970 3904 3023 rerum

1112 3080 1642 3189 gerendarum
1671 3082 2024 3189 regulam
2070 3080 2586 3180 imitandam;
2639 3110 2827 3160 nam
2857 3080 3229 3191 pudebit,
3267 3078 3742 3190 degenerem
3782 3111 3903 3162 se-

1111 3218 1435 3331 quendo
1470 3220 1902 3314 lasciviam,
1943 3220 2163 3328 turpi
2194 3220 2572 3328 languere
2604 3217 2908 3297 desidia
2929 3281 2948 3316 ‚
2976 3236 3055 3306 et
3090 3219 3635 3300 necessitatem
3667 3219 3908 3299 habe-

1112 3357 1236 3436 bit
1283 3387 1441 3466 pre·
1479 3357 1728 3436 oculis
1782 3353 2314 3465 amplectendi
2368 3358 2699 3436 virtutes
2745 3385 2786 3433 a
2846 3355 3139 3467 quibus
3187 3358 3411 3463 prius
3471 3360 3907 3437 instructus
4010 3463 4014 3466 Α

1113 3487 1424 3578 animus
1447 3494 1821 3603 juvenilis
1841 3495 2273 3603 probitatis
2303 3493 2558 3574 robur
2581 3494 3054 3603 evaporabit
3081 3494 3307 3575 virile
3323 3556 3342 3594 ,
3369 3512 3718 3604 utparta
3742 3522 3907 3575 non

1113 3631 1359 3714 modo
1403 3633 1609 3711 tueri
1667 3631 1961 3730 valeat,
2014 3630 2152 3712 sed
2200 3631 2628 3740 magnifice
2670 3655 2980 3739 augere.

1228 3868 1696 3974 presagium:
1748 3893 2061 3952 morum
2103 3893 2469 3948 censores
2511 3869 2747 3976 periti
2795 3869 3149 3947 nominis
3187 3870 3311 3948 sui
3347 3868 3640 3947 fiamam
3672 3869 3907 3975 longe

1116 4008 1424 4117 lateque
1468 4031 1617 4112 per
1660 4003 1939 4083 orbem
1992 4008 2105 4085 sic
2155 4006 2583 4114 gloriosam
2645 4005 3045 4103 futuram;
3104 4034 3387 4116 quam,
3443 4033 3546 4083 ne
3603 4005 3907 4083 meritis

1115 4139 1483 4221 laudibus
1542 4138 2056 4222 defraudetur
2083 4204 2101 4238 ,
2136 4170 2304 4220 non
2367 4144 2564 4222 echo
2619 4143 3047 4250 excipienti
3109 4141 3428 4250 plausus
3486 4141 3908 4222 theatrales

1118 4275 1776 4360 committendam
1820 4305 2132 4376 censeO,
2176 4276 2313 4358 sed
2370 4278 3001 4389 perpetuandam
3048 4277 3367 4373 litteris,
3429 4279 3728 4388 quibus
3778 4308 3907 4358 ca-

1117 4419 1411 4496 lamum
1462 4415 1723 4498 offero
1757 4414 2051 4498 affectu
2092 4416 2601 4529 obsequioso.
2642 4417 2854 4494 Hinc
2900 4414 3145 4493 michi
3178 4432 3447 4494 tamen
3489 4445 3657 4496 nou
3716 4417 3908 4496 infi-

1117 4557 1289 4635 cior
1339 4547 1789 4638 timendum
1812 4613 1835 4649 ,
1896 4581 1998 4632 ne
2050 4557 2523 4661 parvitatem
2566 4553 2869 4660 ingenii
2922 4548 3535 4633 scribendorum
3581 4556 3692 4633 sic
3753 4582 3908 4661 op-

1114 4698 1411 4804 primat
1448 4689 1956 4801 magnitudo,
1995 4708 2087 4771 ut
2118 4690 2718 4800 redarguendus
2763 4689 3027 4789 dicar3
3076 4690 3298 4804 quod
3344 4690 3669 4803 quidem
3717 4709 3910 4771 tunc

1189 4939 1204 4961 ¹
1257 4930 1528 4984 Variam
1560 4951 1570 4980 :
1599 4922 1827 4999 n⁶'5960
1849 4965 1866 4993 ,
1893 4923 1991 4980 fol.
2020 4940 2090 4999 29
2116 4944 2163 4980 r.
2200 4926 2568 4983 Serenissimo
2594 4929 2718 5000 regi
2751 4926 2988 4982 Kar-olo.
