4666 6014
1206 699 1348 770 740
1655 685 2340 761 CHRONICORUM
2389 684 2745 759 KAROLI
2794 680 3081 756 SEXTI
3131 679 3309 753 LIB.
3362 677 3531 758 ΧΠ.

1208 866 1523 954 quoque
1566 835 1802 916 duces
1843 834 2289 916 Aurelianis
2336 853 2417 916 et
2463 833 2851 914 Borbonii
2880 838 3068 911 'cum
3114 822 3816 937 principalioribus
3847 827 3995 904 mi-

1207 977 1481 1059 nistris
1551 976 1789 1082 regiis
1860 974 2155 1053 fercula
2234 972 2711 1052 detulerunt.
2793 969 2915 1048 Ut·
2967 967 3336 1048 convivas
3406 991 3548 1043 rex
3623 958 3996 1041 redderet

1210 1117 1561 1211 lecioreS,
1594 1130 1805 1192 veste
1845 1129 2066 1191 ostro
2094 1114 2558 1218 conspicua,
2590 1123 2791 1190 ‘auro
2813 1124 3055 1203 texta,
3091 1101 3642 1184 inestimabilis
3672 1100 3990 1197 valoris,

1210 1283 1452 1366 quam
1480 1252 1879 1332 variarum
1919 1278 2410 1358 gemmarum
2438 1243 2909 1328 venustabat
2938 1238 3356 1352 impressio
3377 1301 3397 1339 ,
3423 1258 3504 1320 et
3542 1240 3712 1349 ejus
3753 1237 3990 1318 nobi-

1209 1393 1550 1473 litabant
1581 1391 1756 1469 auri
1785 1389 2323 1469 substanciam
2351 1389 2542 1467 hinc
2571 1384 2760 1466 inde
2787 1382 3135 1493 appositi
3161 1381 3248 1459 in
3275 1378 3605 1459 diversis
3625 1373 3993 1485 partibus

1208 1532 1551 1609 uniones
1571 1589 1589 1623 ‚
1624 1556 1707 1607 se
1739 1523 2094 1607 reddidit
2127 1526 2623 1634 insignitum.
2657 1524 2989 1603 Peracto
3016 1545 3338 1634 quoque
3369 1511 3713 1625 prandio
3735 1575 3755 1612 ‚
3781 1515 3992 1616 circa

1206 1665 1493 1744 milites
1543 1682 1623 1743 et
1663 1665 2131 1770 armigeros,
2171 1664 2309 1770 qui
2352 1660 2574 1741 ducis
2619 1661 2934 1768 sequuti
2985 1673 3215 1738 erant
3263 1655 3770 1749 comitatum,
3819 1677 3990 1730 non

1208 1799 1494 1881 deffuit
1521 1801 1689 1909 ejus
1730 1798 2084 1880 studium
2114 1827 2262 1878 nec
2292 1798 2580 1877 eximie
2610 1796 3106 1878 liberalitatis
3138 1821 3380 1903 opera
3398 1853 3420 1890 ,
3451 1788 3590 1871 sed
3620 1818 3773 1898 pro
3799 1816 3991 1901 qua-

1204 1937 1424 2017 litate
1452 1935 1840 2045 graduum
1874 1954 1953 2015 et
1983 1937 2450 2015 meritorum
2480 1961 2755 2013 omnes
2785 1933 3100 2013 honore
3116 1931 3579 2039 preveniens
3599 1988 3619 2025 ‚
3653 1925 3991 2007 donaria

1207 2075 1560 2183 preciosa
1598 2072 1929 2180 singulis
1962 2072 2293 2179 largitus
2328 2089 2472 2150 est.
2513 2069 3058 2150 Curialitatem
3086 2066 3421 2147 similem
3465 2062 3702 2145 duces
3732 2065 3984 2143 Fran-

1205 2212 1323 2290 cie
1353 2227 1856 2317 peregerunt.

1321 2343 1674 2456 Indeque
1716 2346 1802 2423 in
1835 2346 2313 2425 consistorio
2349 2331 2805 2454 principum
2830 2346 2984 2452 ipsi
3017 2343 3203 2424 duci
3218 2345 3427 2423 facta
3459 2340 3779 2422 dicendi
3807 2369 3987 2450 gra·
4034 2443 4042 2458 ι

1205 2485 1321 2563 cia
1366 2511 1522 2593 que
1555 2483 1938 2589 placeret,
1990 2500 2081 2562 ut
2121 2482 2277 2562 fide
2319 2481 2544 2590 digni
2586 2479 3028 2562 retulerunt
3069 2498 3149 2559 et
3192 2481 3331 2588 qui
3369 2480 3689 2559 secretis
3741 2478 3987 2558 collo-

1205 2597 1413 2731 quiis
1443 2646 1540 2698 ex
1564 2618 1832 2698 officio
1874 2620 2285 2719 assistunt,
2322 2619 2493 2726 ipsa
2533 2617 2663 2698 die
2700 2616 3138 2729 diebusque
3168 2615 3684 2728 sequentibus
3716 2616 3989 2696 intulit

1207 2785 1363 2866 que
1410 2774 1876 2868 sequuntur.
1923 2757 2194 2835 Primo
2244 2774 2336 2835 ut
2364 2753 2769 2835 residuum
2813 2751 3397 2862 redempcionis
3436 2755 3641 2862 regis
3681 2754 3981 2834 Johan-

1205 2895 1330 2972 nis
1351 2954 1371 2991 ,
1416 2890 1638 3004 quod
1667 2921 1915 2971 unum
1948 2892 2158 2972 mille
2189 2892 2509 2973 leonum
2554 2890 3020 2990 excedebat,
3064 2891 3534 2988 solveretur3
3578 2892 3862 2971 iterum
3890 2909 3987 2970 ut

1209 3029 1643 3136 Campanie
1680 3032 2102 3111 comitatus
2148 3060 2331 3111 cum
2374 3049 2541 3111 tota
2594 3047 2805 3109 terra
2848 3029 3217 3110 Guienne
3262 3057 3509 3139 usque
3556 3026 3657 3108 ad
3711 3047 3986 3139 portas

1208 3165 1797 3245 Aurelianensis
1836 3167 2060 3246 urbis
2105 3169 2272 3274 regi
2304 3166 2590 3274 Anglie
2621 3162 3091 3246 redderetur
3124 3194 3304 3245 cum
3347 3166 3727 3245 comitatu
3773 3166 3984 3245 Pon-

1207 3303 1512 3380 tivensi.
1549 3301 1809 3412 Super
1845 3304 2001 3383 hiis
2044 3302 2356 3383 modice
2386 3302 2732 3383 efficacie
2772 3302 3098 3382 fuerunt
3137 3304 3505 3382 reiterata
3536 3302 3927 3413 colloquia
3951 3362 3972 3399 ,

1206 3454 1285 3516 et
1316 3434 1638 3517 tandem
1680 3436 1782 3517 ad
1824 3440 2261 3545 peticiones
2309 3441 2741 3519 excessivas
2771 3440 2996 3550 jussu
3029 3440 3237 3547 regis
3271 3440 3780 3519 cancellarius
3813 3466 3970 3519 res·

1206 3569 1570 3681 pondens
1594 3636 1613 3671 ,
1651 3602 1816 3653 non
1849 3603 1939 3654 ea
1969 3604 2124 3687 que
2148 3576 2627 3684 petebantur
2659 3575 3106 3683 denegavit,
3143 3575 3338 3655 dum
3362 3594 3628 3655 tamen
3663 3576 3806 3656 hec
3831 3603 3995 3684 que

1204 3727 1646 3817 sequuntur
1685 3729 1765 3790 et
1801 3739 1953 3819 que
1992 3713 2146 3791 sibi
2194 3715 2303 3793 ita
2346 3712 2863 3794 racionabilia
2902 3711 3381 3794 videbantur
3426 3710 3973 3794 concederent.

1207 3845 1472 3924 Unum
1521 3864 1693 3926 erat
1758 3865 1850 3926 ut
1898 3849 2298 3930 Iohannes
2360 3880 2499 3931 rex
2560 3868 2742 3930 cum
2790 3849 3209 3931 obsidibus
3263 3850 3782 3959 francigenis,
3843 3850 3983 3960 qui

1211 4008 1466 4086 nuper
1506 4000 1586 4061 et
1624 3981 1962 4065 forsitan
2010 3985 2547 4067 mediantibus
2587 3987 2939 4095 Anglicis
2982 3988 3559 4087 occubuerant,
3611 3988 3981 4096 primitus

1210 4114 1772 4217 redderentur,
1814 4138 1894 4200 et
1932 4121 2390 4202 eorumdem
2423 4124 2776 4203 hostium
2821 4121 3355 4204 discursiones
3397 4123 3979 4233 dampnabiles,

1207 4281 1362 4364 que
1402 4256 1648 4334 trium
1689 4256 1998 4337 milium
2042 4259 2358 4339 leonum
2411 4290 2798 4341 summam
2850 4261 3423 4361 ascendebant,
3470 4262 3981 4372 postmodum

1207 4390 1845 4490 emendarentur,
1879 4413 1970 4474 ut
2000 4397 2111 4476 sic
2157 4400 2536 4505 peccunie
2575 4401 2977 4506 peccuniis
3008 4428 3098 4479 ac
3130 4428 3491 4479 excessus
3531 4399 3976 4481 excessibus

1205 4545 1481 4608 mutuo
1536 4551 2265 4637 compensarentur.
2315 4535 2446 4614 Sic
2508 4553 2817 4644 tempus
2883 4536 3149 4616 multis
3198 4535 3482 4617 diebus
3537 4539 3623 4617 in
3683 4566 3980 4617 vanum

1203 4660 1806 4765 laboraverunt,
1851 4675 2208 4781 quamvis
2242 4691 2576 4785 utraque
2616 4702 2801 4781 pars
2833 4676 3070 4755 sciret
3111 4676 3259 4754 ista
3288 4703 3702 4786 nunquam
3730 4674 3987 4756 adim-

1202 4798 1515 4907 plenda.
1575 4805 1755 4884 Dux
1811 4823 2074 4888 tamen
2130 4811 2730 4916 prenominatus
2774 4840 2918 4919 per
2958 4813 3307 4921 seipsum
3363 4811 3691 4920 dignum
3743 4811 3974 4892 duxit
