4666 6014
1144 631 1287 705 568
1601 625 2303 700 CHRONICORUM·
2332 624 2689 699 KAROLI
2739 622 3024 699 SEXTI
3072 622 3251 699 LIB.
3303 621 3440 698 lx.

1141 783 1484 889 positam
1526 795 2254 887 propter-regnum.
2300 776 2426 856 Ad
2462 777 2685 885 cujus
2717 776 3333 858 satisfactionem
3361 772 3529 854 dux
3562 764 3930 881 Burgunss

1141 916 1270 997 die
1306 915 1633 995 ducatus
1666 915 1740 992 N
1742 915 2097 994 ormanie
2133 912 2235 994 ad
2279 932 2591 1025 tempus
2635 913 2977 997 resditus
2998 975 3019 1013 ‚
3058 911 3223 992 dux
3267 911 3567 998 Biturie
3600 908 3930 991 ducatus

1139 1054 1567 1164 Aquitanie
1616 1051 2053 1160 poscebant
2091 1052 2245 1132 sibi
2298 1052 2677 1161 relinqui;
2723 1054 3051 1160 insuper
3106 1068 3195 1129 ut
3239 1066 3319 1129 et
3365 1064 3764 1166 quotquot
3816 1065 3933 1126 as-

1139 1208 1638 1298 sumpserant
1703 1187 1804 1269 ad
1869 1188 2131 1269 officia
2194 1191 2409 1298 regia
2464 1204 2544 1268 et
2573 1259 2578 1264 .
2605 1186 3346 1269 administraciones
3406 1183 3735 1266 curiales
3789 1213 3927 1265 sua

1141 1327 1609 1408 auctoritate
1648 1324 2156 1405 confirmaret
2176 1387 2197 1424 ,
2238 1354 2385 1429 nec
2424 1323 2814 1405 donativa·
2847 1327 3041 1433 ipsis
3084 1351 3357 1405 revera
3398 1321 3934 1431 prodigaliter

1139 1464 1418 1544 collata
1462 1492 1505 1542 a
1548 1449 1951 1575 quoquam
1993 1460 2508 1569 postmodum
2545 1481 2986 1560 revocaret,
3034 1478 3115 1540 et
3146 1460 3487 1540 maxime
3528 1456 3749 1569 quod
3775 1449 3928 1542 hoc

1140 1604 1221 1680 in
1250 1630 1545 1710 ⁴eorum
1607 1600 1985 1710 injuriam
2040 1595 2547 1679 redundaret.
2602 1601 2768 1679 Hec
2817 1616 2897 1678 et
2945 1598 3232 1678 similia
3284 1597 3450 1704 regi
3503 1593 3929 1704 persuade-

1139 1740 1375 1837 bant3
1427 1735 1565 1817 sed
1623 1736 1767 1815 ubi
1812 1738 1981 1844 ejus
2034 1737 2547 1816 exercitatum
2625 1738 2981 1816 animum
3042 1733 3143 1815 ad
3212 1732 3930 1841 obtemperandum

1142 1875 1489 1956 consiliis
1529 1893 1609 1954 et
1647 1872 2103 1953 racionibus
2137 1871 2409 1954 vident
2427 1935 2448 1973 ,
2490 1871 2982 1983 audiuntque
3023 1872 3269 1952 nichil
3312 1871 3756 1952 inconsulte
3794 1887 3932 1950 aut

1140 2044 1234 2094 ex
1278 2012 1648 2120 precipiti
1677 2038 1911 2119 agere
1947 2038 2128 2090 eum
2168 2010 2364 2091 velle
2405 2039 2552 2090 nec
2593 2009 2884 2091 debere
2904 2073 2924 2108 ,
2966 2010 3486 2118 responsione
3521 2010 3920 2102 contenti,

1140 2170 1221 2231 et
1262 2178 1530 2230 mense
1572 2147 1974 2230 decembri
2023 2146 2238 2255 apud
2281 2149 2780 2229 pontisaram
2822 2149 2976 2256 ipsi
3016 2147 3422 2239 humiliter
3474 2144 3640 2225 vale
3679 2143 3925 2240 dicto,

1139 2288 1473 2395 quisque
1499 2284 1601 2366 ad
1633 2285 1891 2367 solum
1922 2286 2345 2393 proprium
2369 2284 2804 2393 regendum
2840 2282 3088 2365 flectit
3121 2286 3297 2366 iter.

1253 2424 1440 2502 Post
1490 2449 1876 2502 recessum
1931 2422 2674 2529 prenominatorum
2727 2421 3054 2520 ducum,
3100 2449 3241 2500 rex
3282 2419 3536 2500 solum
3586 2448 3926 2499 avuncu-

1143 2564 1305 2640 lum
1345 2591 1570 2641 suum
1627 2560 1911 2642 ducem
1953 2559 2577 2671 Borboniensem
2624 2589 2888 2642 secum
2923 2562 3287 2659 retinuit3
3341 2557 3925 2671 quatriduoque

1142 2716 1544 2779 transacto
1560 2760 1580 2797 ,
1613 2697 2031 2778 dominum
2053 2695 2454 2776 Burellum
2475 2697 2574 2777 de
2597 2700 3007 2806 Ripparia,
3034 2693 3447 2778 dominum
3473 2697 3517 2775 J
3518 2698 3923 2777 ohannem

1140 2836 1239 2916 de
1277 2838 1679 2942 Novianto
1712 2852 1792 2916 et
1821 2834 2263 2915 Johannem
2305 2833 2406 2915 de
2437 2834 2708 2917 Monte
2731 2853 2989 2936 acuto,
3036 2837 3248 2915 viros
3279 2836 3552 2948 utique
3577 2835 3667 2914 -in
3699 2861 3919 2932 secp-

1139 2973 1441 3054 laribus
1496 2971 1932 3083 plurimum
1987 2972 2634 3080 circumspectos,
2705 2973 2915 3052 inter
2966 2999 3254 3053 omnes
3310 2967 3779 3052 decuriones
3841 2970 3928 3047 in

1142 3127 1451 3219 partem
1495 3111 1708 3217 regie
1751 3107 2305 3190 sollicitudinis
2342 3109 2610 3217 elegit,
2646 3126 2725 3190 et
2763 3127 2855 3189 ut
2895 3109 3048 3190 sibi
3092 3108 3569 3217 principales
3609 3111 3698 3187 in
3736 3134 3929 3189 con-

1143 3247 1336 3328 siliis
1377 3263 1747 3327 astarent.
1792 3245 1955 3347 Qui
1988 3274 2177 3326 mox
2212 3263 2305 3327 ut
2341 3262 2565 3325 tanta
2597 3246 3066 3326 auctoritate
3103 3245 3358 3326 functi
3399 3274 3481 3325 se
3515 3242 3926 3341 viderunt,

1139 3386 1489 3465 fraterne
1525 3382 1754 3464 fedus
1792 3386 2189 3465 societatis
2239 3402 2517 3463 mutuo
2561 3401 3135 3463 contraxerunt
3155 3445 3175 3480 ‚
3223 3410 3544 3492 seseque
3594 3385 3926 3461 invicem

1138 3518 1660 3629 jurejurando
1691 3521 2258 3621 astrinxerunt,
2287 3539 2379 3600 ut
2412 3521 2609 3600 alter
2623 3519 2961 3611 ‚alterum
3002 3520 3261 3601 modis
3295 3517 3667 3600 omnibus
3701 3516 3925 3596 dein-

1146 3686 1329 3767 ceps
1374 3675 1908 3765 promoveret,
1947 3675 2028 3738 et
2068 3677 2228 3739 tam
2280 3659 2684 3766 prosperis
2720 3687 2960 3767 quam
3007 3656 3354 3738 adversis
3394 3657 3629 3736 unius
3671 3674 3930 3735 essent

1146 3796 1435 3894 animi,
1468 3797 1704 3876 unius
1739 3794 2168 3877 voluntatis
2196 3812 2432 3905 atque
2475 3794 2828 3891 consilii3
2861 3795 3218 3904 quisquis
3247 3795 3574 3873 alterum
3603 3790 3926 3889 lederet,

1144 3933 1478 4013 aliorum
1514 3950 1962 4012 occurreret
2001 3933 2383 4013 offensam
2399 3993 2424 4028 ‚
2472 3949 2553 4012 et
2597 3928 2990 4044 quidquid
3030 3933 3171 4010 uni
3209 3932 3552 4039 placeret
3579 3930 3711 4010 alii
3758 3958 3927 4010 non

1145 4068 1697 4176 infringerent.
1746 4067 1944 4150 Inde
1967 4088 2058 4149 ut
2085 4070 2345 4150 honos
2377 4069 2639 4176 regius
2675 4086 3184 4150 concurreret
3204 4098 3380 4150 cum
3412 4067 3752 4149 utilitate
3779 4097 3928 4177 pu-

1145 4205 1387 4301 blica,
1422 4234 1605 4314 rege
1644 4224 1880 4316 atque
1921 4204 2123 4287 duce
2168 4206 2694 4287 Borboniensi
2738 4205 3311 4305 annuentibus,
3355 4207 3598 4286 multa
3628 4204 3759 4285 hic
3804 4207 3928 4283 in-

1145 4341 1480 4427 serenda
1510 4361 1979 4424 statuerunt.

1260 4480 1363 4559 Et
1429 4483 1691 4588 primo
1746 4479 1849 4559 ad
1896 4482 2472 4588 regnicolarum
2525 4479 3007 4589 captandum
3059 4482 3710 4593 benivolenciam,
3780 4508 3924 4561 an·

1148 4645 1398 4696 nuum
1457 4645 1660 4697 onus
1701 4617 2226 4699 intollerabile
2267 4618 2588 4699 collecte
2644 4596 3053 4728 generali3‚
3098 4617 3317 4729 quod
3378 4618 3928 4699 indifferenter

1150 4780 1534 4876 pauperes
1577 4783 1754 4834 cum
1828 4754 2211 4837 divitibus
2283 4756 2823 4866 opprimebat,
2884 4754 3216 4866 dignum
3274 4756 3679 4847 duxerunt
3744 4755 3931 4837 abo-
