4666 6014
1127 684 1273 756 404
1615 676 2299 754 CHRONICORUM
2348 676 2705 750 KAROLI
2755 676 3043 751 SEXTI·
3088 677 3263 752 LIB.
3322 679 3447 755 Vl.

1131 858 1177 907 a
1208 813 1494 937 viginti
1547 828 1780 907 annis
1818 824 2305 907 desiderium
2345 827 2798 935 pervenisse
2824 889 2843 927 ,
2889 846 2980 907 ut
3025 846 3215 909 voto
3258 858 3340 910 se
3380 829 3861 909 astrinxerat
3900 889 3920 923 ‚

1131 968 1198 1046 si
1255 964 1563 1046 donum
1601 984 1871 1075 posset
1943 968 2256 1077 assequi
2276 1028 2296 1065 ,
2352 964 2455 1046 ad
2511 963 2883 1046 decorem
2936 966 3255 1047 ecclesie
3311 943 3634 1076 capsam
3679 992 3919 1045 unam

1132 1117 1588 1211 argenteam
1617 1104 1889 1210 magni
1921 1102 2333 1211 ponderiS,
2377 1132 2469 1183 ac
2494 1104 2743 1183 eciam
2774 1103 3004 1183 beate
3035 1104 3309 1203 Marie,
3345 1103 3560 1185 beati
3589 1102 3921 1212 Nycolai

1132 1259 1211 1320 et
1249 1241 1478 1321 beate
1507 1241 1954 1320 Katherine
1981 1242 2391 1349 ymagines
2432 1270 2530 1321 ex
2572 1260 2906 1351 argento
2941 1242 3324 1323 fabricari
3362 1242 3583 1340 fecit,
3626 1242 3712 1321 in
3745 1241 3923 1351 qui-

1130 1379 1281 1459 bus
1327 1375 1614 1462 multas
1653 1380 2028 1489 speciales
2077 1380 2450 1492 reliquias
2495 1380 2976 1464 Sanctorum
3023 1383 3574 1478 decentissime
3605 1389 3623 1425 ¹
3677 1351 3922 1459 collo-

1071 1547 1076 1551 ·
1129 1535 1359 1599 cavit.

2033 1686 2707 1771 CAPITULUM
2769 1693 3001 1775 XIV,

1828 1922 1917 1983 De
1943 1935 2190 2004 tractatu
2219 1885 2536 2006 composito
2574 1947 2708 1986 cum
2741 1923 3210 1985 Flandrensibus.

1199 2139 1210 2148 '
1244 2125 1374 2208 Ab
1413 2125 1730 2208 excidio
1770 2126 1953 2209 ville
2000 2131 2403 2211 maritime
2457 2128 2557 2211 de
2600 2132 2778 2211 Dan
2832 2129 3176 2210 calamus
3232 2159 3530 2242 annum
3575 2131 3860 2210 finiens
3896 2191 3919 2227 ‚

1129 2295 1271 2346 rex
1332 2266 1798 2347 famosiores
1854 2268 2145 2348 militas
2201 2286 2282 2348 et
2324 2270 2765 2377 armigeros
2821 2270 3151 2384 premiis
3206 2285 3751 2348 remuneratos
3795 2295 3920 2345 re-

1130 2406 1420 2485 mitens
1439 2467 1460 2504 ,
1534 2407 1840 2486 cunctis
1875 2406 1882 2412 ’
1909 2407 2145 2515 jussit
2165 2467 2185 2502 ‚
2272 2424 2364 2484 ut
2435 2434 2629 2483 mox
2705 2404 3092 2510 hybernis
3152 2404 3595 2512 frigoribus
3653 2407 3916 2486 s‘ucce-

1132 2540 1357 2622 deret
1398 2570 1652 2621 verna
1689 2545 2146 2651 temperies,
2189 2569 2375 2620 cum
2413 2541 2754 2650 quantis
2782 2541 3034 2650 copiis
3083 2560 3411 2649 possent
3442 2540 3863 2622 redeuntes
3898 2605 3916 2640 ‚

1131 2678 1232 2759 ad
1297 2679 1660 2766 bellicam
1715 2677 2322 2787 expedicionem
2382 2705 2466 2756 se
2529 2695 2922 2785 aptarent.
2995 2678 3422 2790 Quotquot
3467 2707 3705 2759 aurea
3757 2679 3917 2758 lilia

1132 2818 1575 2898 deferentes
1629 2845 1713 2897 se
1765 2815 2323 2929 gloriabantur
2381 2818 2607 2922 regio
2667 2815 3057 2925 sanguine
3114 2835 3569 2924 procreatos
3598 2879 3616 2915 ‚
3670 2819 3920 2928 impa-

1131 2955 1611 3035 cientissime
1667 2951 2129 3033 recolebant
2195 2953 2679 3062 promissum
2739 2951 3126 3033 auxilium
3183 2980 3351 3034 non
3391 2929 3920 3036 transmisisse

1132 3091 1547 3171 admirallo
1578 3153 1597 3189 ,
1685 3091 2056 3171 obstante
2120 3088 2776 3170 Gandavensium
2840 3090 3283 3171 rebellione
3341 3093 3783 3201 pertinaci,
3841 3112 3919 3173 et
4014 3082 4020 3087 ’

1133 3229 1314 3311 ideo
1365 3218 1618 3339 ipsam
1663 3227 2247 3310 humiliandam
2276 3229 2585 3309 viribus
2620 3227 3137 3338 decreverant
3174 3248 3537 3339 tempore
3565 3231 3729 3340 jam
3772 3229 3919 3311 de-

1128 3370 1444 3476 signato
1465 3430 1484 3464 ‚
1522 3387 1615 3449 ut
1643 3367 2023 3476 deinceps
2063 3369 2151 3446 in
2184 3366 2565 3475 Anglicos
2610 3336 2896 3447 ‘hostes
2960 3369 3188 3474 regni
3228 3386 3559 3476 possent
3589 3368 3916 3448 liberius

1130 3525 1641 3616 transmeare.
1686 3506 2071 3607 Quamvis
2095 3505 2180 3584 in
2213 3533 2495 3585 eormn
2520 3505 2875 3585 favorem
2907 3504 3436 3586 Flandrenses
3465 3532 3738 3585 recens
3774 3509 3917 3586 im-

1131 3642 1676 3752 pedimentum
1719 3643 2159 3751 prestitisse
2193 3643 2548 3722 omnibus
2579 3645 2609 3687 ²
2651 3661 2937 3723 notum
2978 3662 3216 3743 esset,
3257 3643 3621 3724 futurum
3649 3660 3916 3724 tamen

1132 3799 1609 3891 apparatum
1640 3777 2173 3879 attendentes,
2205 3798 2284 3859 et
2313 3777 2535 3890 quod
2567 3783 3031 3861 continuata
3063 3780 3419 3877 rebelli0,
3452 3781 3913 3891 transquili-

1133 3919 1318 3997 tatis
1369 3945 1709 3999 noverca
1729 3978 1748 4016 ,
1814 3895 2232 3999 mobilium
2286 3914 2625 4024 prodiga
2682 3914 3146 4026 dissipatrix
3180 3935 3260 3997 et
3310 3916 3907 4026 multiplicatrix

1063 4124 1076 4135 .
1133 4054 1664 4163 profugorum
1688 4116 1707 4153 ,
1745 4053 2311 4160 compatriotas
2368 4051 2833 4163 locupletari
2885 4083 3052 4135 non
3085 4053 3437 4153 sinebat,
3490 4082 3647 4166 que
3698 4057 3914 4163 pacis

1134 4210 1362 4272 erant
1413 4209 1606 4301 tunc
1652 4187 2019 4271 meditari
2079 4208 2486 4298 ceperunt.
2530 4188 2658 4270 Ad
2710 4192 3197 4304 colloquium
3255 4206 3450 4271 tu'nc
3495 4220 3916 4272 commune

1132 4330 1635 4439 Yprensibus
1667 4346 1748 4407 et
1775 4326 2309 4436 Brugensibus
2328 4389 2350 4426 ‚
2375 4330 2516 4440 qui
2549 4331 3021 4410 auctoritate
3045 4330 3325 4410 ceteris
3349 4329 3917 4438 precellebant,

1133 4469 1477 4552 evocatis
1504 4528 1523 4564 ‚
1560 4483 1640 4546 et
1679 4463 1997 4545 cuidam
2023 4464 2460 4564 aurifabro,
2495 4465 3147 4578 eloquentissimo
3176 4469 3379 4564 viro,
3413 4466 3620 4547 facta
3649 4468 3910 4573 gracia

1132 4602 1693 4715 proponendi:

1207 4797 1223 4820 ¹
1262 4784 1398 4839 Var.
1419 4792 1436 4837 ‘e
1467 4789 1533 4838 11⁰
1550 4780 1721 4858 5960,
1747 4782 1843 4839 fol.
1871 4782 1943 4838 66
1964 4803 2040 4855 v.‚
2068 4783 2433 4863 deveas-sime.

1213 4883 1232 4907 '
1273 4880 1349 4935 Le
1375 4888 1496 4934 mot
1521 4879 1793 4949 omnibus,
1821 4880 2121 4953 emprunte
2144 4896 2217 4934 au
2239 4883 2304 4933 η’
2332 4876 2508 4952 5960,
2536 4877 2631 4934 fol.
2658 4879 2729 4955 67
2753 4899 2825 4948 r.,
2856 4897 3096 4954 manque
3114 4877 3252 4935 dans
3278 4877 3330 4933 le
3353 4885 3416 4933 11⁰
3436 4872 3597 4949 5958.
3680 4874 3685 4881 ’
