4666 6014
1064 669 1208 737 272
1535 661 2218 738 CHRONICORUM
2265 661 2633 748 KAROLI,
2674 664 2972 740 SEXTI
3028 664 3206 738 LlB.
3261 663 3418 755 lv„

1071 846 1110 884 <c
1149 814 1252 890 lia
1289 813 1579 908 noctis,
1611 810 1831 920 quod
1862 828 2174 919 tempus
2206 813 2581 892 mortales
2613 840 2955 922 sompno
2981 814 3362 895 altissimo
3390 815 3725 922 premit,
3758 812 3863 892 ad

1074 984 1110 1020 «
1150 951 1407 1028 socios
1448 946 1663 1055 apud
1707 948 2280 1057 Gravelingues
2321 952 3000 1058 transmigremus.
3038 984 3077 1025 >>
3141 977 3147 984 ·

1180 1180 1424 1282 Quod
1468 1211 1647 1261 cum
1690 1183 2065 1263 omnibus
2119 1183 2573 1292 placuisset,
2626 1212 2817 1264 mox
2860 1183 3191 1264 sublatis
3241 1184 3482 1263 rebus
3532 1186 3695 1264 suis
3717 1245 3736 1278 ,
3783 1202 3865 1263 et

1071 1346 1273 1428 quos
1301 1301 1824 1430 jurejurando
1850 1317 2242 1400 tenendos
2265 1323 2290 1365 ¹
2327 1338 2839 1430 susceperant
2868 1320 3250 1429 spoliatiS,
3282 1321 3587 1430 ingenti
3614 1319 3863 1429 preda

1072 1457 1338 1535 onusti
1391 1473 1887 1536 recesserunt
1910 1517 1930 1554 ,
1969 1456 2235 1534 villam
2271 1459 2539 1535 voraci
2587 1455 2961 1537 incendio
3010 1474 3532 1565 exponenteS,
3581 1475 3863 1537 contra

1068 1595 1250 1701 jura
1293 1594 1696 1701 gencium,
1741 1594 1990 1671 eciam
2039 1592 2573 1680 barbarorum
2599 1654 2619 1690 ,
2661 1611 2827 1705 'que
2884 1594 3092 1703 leges
3167 1593 3730 1703 hospitalitatis
3786 1609 3865 1672 et

1073 1731 1555 1809 urbanitatis
1606 1729 1976 1825 exhibite,
2010 1729 2303 1820 violare
2359 1727 2742 1837 ¹reputant
2787 1729 3270 1841 inexpiabile
3322 1730 3647 1809 crimen.
3700 1730 3864 1829 Qui

1076 1885 1339 1945 autem
1380 1865 1701 1944 illorum
1747 1865 2288 1976 sequebantur
2321 1867 2649 1975 vestigia
2667 1930 2686 1965 ,
2732 1896 2917 1947 cum
2956 1868 3123 1977 jam
3170 1866 3378 1951 illius
3402 1861 3683 1945 'noctis
3721 1895 3862 1944 au-

1076 2031 1259 2084 rore
1292 2005 1547 2082 vicine
1578 2000 1819 2110 sydus
1856 2002 2210 2082 illuceret
2242 2005 2758 2106 matutinum,
2788 2004 3051 2084 villam
3086 2006 3422 2113 ingressi
3445 2004 3615 2083 sine
3638 2002 3864 2082 obice

1076 2140 1449 2236 fuissent,
1484 2157 1564 2218 et
1597 2141 1855 2246 ipsam
1885 2140 1997 2218 sic
2031 2139 2269 2219 bonis
2291 2141 2686 2221 <omnibus
2729 2141 3185 2250 spoliatam,
3230 2158 3320 2219 ut
3357 2168 3523 2219 non
3561 2137 3865 2250 aliquid

1075 2294 1518 2382 superesset
1537 2337 1555 2374 ,
1608 2273 1824 2357 unde
1871 2292 2199 2384 possent
2248 2279 2740 2356 remunerari
2785 2277 3102 2357 labores
3145 2278 3308 2357 sive
3353 2303 3695 2385 expense
3741 2305 3867 2355 re-

1077 2411 1347 2510 fundi,
1374 2428 1774 2523 quotquot
1809 2413 1924 2490 ibi
1956 2440 2053 2491 ex
2086 2413 2442 2520 Anglicis
2470 2410 2590 2492 vel
2625 2413 3140 2522 Flammingis
3181 2430 3385 2494 etate
3427 2440 3699 2522 graves
3732 2430 3868 2492 aut

1015 2537 1022 2541 ⁴
1078 2546 1680 2664 valitudinarios
1711 2565 2216 2657 repererunt,
2251 2550 2422 2628 sine
2455 2549 3001 2629 misericordia
3044 2549 3544 2647 occiderunt3
3571 2579 3718 2629 nec
3751 2550 3864 2630 ibi

1085 2697 1490 2789 protracta
1523 2712 1789 2783 mora,
1832 2681 1934 2762 ad
1969 2682 2499 2765 obsidendum
2541 2688 3145 2795 Gravelingues,
3183 2705 3274 2767 ut
3315 2716 3454 2766 rex
3491 2688 3863 2796 jusserat,

1083 2837 1609 2902 maturarunt.

1199 2960 1386 3039 Non
1422 2961 1700 3068 procul
1734 2990 1924 3071 ergo
1958 2963 2062 3044 ab
2096 2964 2297 3045 urbe
2330 2949 2709 3045 bellicoso
2744 2964 3030 3045 referta
3065 2961 3368 3073 populo
3401 2963 3678 3044 castris
3714 2991 3871 3051 me-

1085 3098 1268 3176 tatis
1309 3113 1388 3175 et
1417 3100 1884 3205 compositis
1920 3103 2330 3200 tentoriis,
2382 3100 2871 3180 cumhostes
2892 3163 2910 3199 ,
2944 3100 3131 3180 freti
3181 3097 3695 3179 multitudine
3735 3129 3873 3179 sua

1087 3252 1166 3312 et
1195 3232 1346 3312 loci
1376 3231 1892 3333 fortitudine,
1922 3234 2425 3316 dedicionem
2454 3239 2925 3317 auctoritate
2958 3238 3172 3344 regia
3204 3237 3671 3344 imperatam
3694 3265 3874 3314 cum

1089 3367 1657 3477 indignacione
1686 3374 1722 3433 ²-
1758 3374 2103 3451 maxima
2173 3393 2702 3472 recusassent,
2762 3375 3016 3482 ipsam
3080 3369 3502 3451 obsidione
3558 3371 3671 3448 ab
3718 3398 3876 3449 una

1091 3524 1318 3614 parte
1369 3507 1857 3605 clauserunt,
1904 3508 2243 3588 obsessis
2287 3496 2609 3589 omnem
2646 3527 3189 3618 prestruentes
3238 3505 3542 3587 aditum
3566 3567 3584 3602 ,
3635 3507 3744 3584 ita
3788 3524 3877 3584 ut

1095 3645 1286 3749 ipsis
1329 3642 1601 3750 egredi
1649 3673 1796 3724 nec
1841 3643 1941 3724 ad
1990 3674 2124 3725 eos
2169 3647 2507 3727 introire
2546 3647 3000 3726 volentibus
3038 3644 3393 3725 facultas
3415 3641 3879 3721 concedere-

1092 3797 1247 3858 tur.
1300 3779 1395 3858 In
1439 3778 1843 3889 principio
1891 3782 2230 3862 assultus
2279 3783 2615 3862 viriliter
2665 3781 3205 3892 pertulerunt,
3259 3806 3448 3858 cura
3501 3781 3877 3888 precipua

1093 3933 1522 3996 statuentes
1565 3918 1704 4028 qui
1739 3916 2001 3998 villam
2041 3917 2169 3998 die
2205 3939 2610 4031 noctuque
2647 3917 3180 4015 custodirent,
3216 3915 3615 4025 deputatis
3653 3916 3883 3995 alter-

1099 4056 1350 4132 natim
1400 4053 1770 4161 vigilibus
1794 4057 1861 4152 ³,
1913 4073 1993 4133 et
2045 4073 2138 4134 ut
2188 4056 2532 4165 majores
2595 4057 2943 4136 vicissim
2991 4052 3525 4134 custodientes
3577 4051 3883 4160 vigilias

1100 4207 1179 4266 et
1229 4189 1492 4267 menia
1537 4189 2107 4297 perlustrantes
2149 4193 2233 4270 in
2268 4208 2494 4300 parte
2528 4192 2868 4301 plurima
2910 4206 3181 4270 noctes
3229 4190 3689 4298 insompnes
3731 4207 3885 4267 tra-

1100 4324 1407 4402 herent.
1469 4322 1625 4404 Sed
1679 4342 1769 4404 ut
1815 4323 2193 4406 viderunt
2237 4329 2498 4434 aptari
2554 4329 2939 4436 petrarias
2995 4345 3076 4407 et
3139 4323 3670 4406 obsidionalia
3719 4326 3883 4402 ins-

1100 4477 1498 4540 trumenta
1531 4522 1550 4558 ,
1629 4460 1902 4542 triduo
1969 4492 2137 4544 non
2202 4481 2618 4573 expectato
2646 4526 2664 4562 ,
2734 4461 3156 4544 resistendi
3230 4460 3554 4542 audacia
3622 4461 3881 4538 omnis

1176 4722 1189 4743 ¹
1238 4713 1379 4768 Var-
1403 4733 1416 4762 τ
1437 4723 1500 4769 n⁰
1521 4712 1682 4790 5960,
1710 4715 1806 4771 fol.
1833 4714 1907 4783 54
1936 4735 2013 4787 v.,
2042 4717 2296 4773 tuendos.
2610 4724 2631 4756 ⁸
2675 4719 2815 4777 Voer.
2839 4740 2853 4769 ··
2880 4738 2943 4776 n·
2968 4718 3136 4794 5960,
3163 4717 3258 4773 fol.
3285 4715 3359 4784 54
3382 4734 3456 4783 ι,
3482 4711 3717 4785 νίςίἱίἰε.

1173 4805 1191 4829 ’
1238 4799 1372 4854 Var.
1400 4823 1416 4853 .-
1444 4814 1508 4855 ιι·
1529 4799 1695 4876 5960,
1722 4801 1819 4857 fol.
1849 4800 1923 4871 54
1943 4821 1999 4859 v.
2030 4801 2454 4878 dedignacione.
