4666 6014
1176 711 1315 779 708
1515 675 1524 690 '
1615 697 2296 772 CHRONICORUM
2348 697 2703 770 KARou
2754 695 3038 770 sEx'rl
3088 695 3266 766 Lm.
3330 693 3516 770 xn..

2114 974 2784 1055 CAPITULU'M
2846 975 2961 1049 11.

1699 1190 1786 1249 De
1813 1209 1945 1271 rege
1973 1188 2290 1248 Turcorum
2312 1232 2329 1262 ,
2363 1199 2421 1247 et
2444 1187 2673 1246 nunciis
2702 1185 2957 1267 pacificis
2986 1183 3139 1266 regis
3175 1181 3402 1243 Karoli.

1283 1399 1641 1505 Insignes
1685 1396 1916 1475 multi
1965 1394 2459 1501 Francigene
2503 1410 2583 1471 et
2628 1421 2725 1472 ex
2770 1390 3172 1499 generosis
3222 1388 3541 1499 proavis
3575 1386 3954 1469 ducentes

1169 1535 1564 1641 originem
1589 1595 1607 1630 ,
1671 1530 1771 1613 de
1841 1532 2487 1639 peregrinacione
2544 1524 3180 1609 Jerosolimitana
3253 1524 3674 1606 redeuntes
3696 1589 3714 1624 ,
3772 1530 3941 1635 regi

1165 1670 1495 1748 Francie
1544 1668 1987 1747 retulerunt
2042 1695 2124 1747 se
2171 1696 2353 1747 cum
2388 1695 2573 1774 rege
2620 1667 3036 1772 Hungarie
3075 1662 3496 1743 infeliciter
3550 1692 3942 1772 pugnasse

1168 1823 1448 1884 contra
1464 1805 1802 1901 TurcOS,
1840 1805 1977 1911 qui
2012 1803 2162 1882 sub
2186 1803 2488 1884 vexillis
2515 1804 2894 1882 Lamorat
2922 1801 3206 1898 Baxin,
3242 1802 3448 1907 regis
3481 1796 3942 1910 subditique
3988 1775 3993 1780 .

1171 1943 1636 2049 imperatori
1679 1943 2131 2038 Persarum,
2175 1940 2649 2019 militabant.
2688 1941 2885 2046 Regi
2930 1940 3187 2018 eciam
3221 1939 3610 2017 siscitanti
3654 1933 3755 2014 de
3799 1963 3939 2042 ge-

1097 2093 1102 2100 '
1169 2078 1525 2184 nealogia
1559 2078 1695 2185 huj
1705 2106 1829 2174 ηε,
1859 2079 2021 2156 vita
2059 2094 2139 2156 et
2180 2077 2578 2183 moribus,
2609 2074 3096 2157 addiderunt
3124 2074 3341 2153 hunc
3379 2090 3685 2181 patrem
3712 2069 3937 2152 valde

1167 2212 1543 2293 audacem
1587 2231 1664 2291 et
1698 2215 1783 2291 in
1832 2212 2069 2291 armis
2113 2230 2526 2291 strenuum
2569 2212 2979 2311 habuisse,
3033 2214 3161 2293 cui
3195 2213 3279 2289 in
3332 2210 3621 2289 Grecia
3670 2225 3749 2287 et
3789 2212 3942 2286 Ar-

1171 2352 1426 2428 menia
1468 2349 1710 2428 multa
1751 2377 2131 2457 prospere
2170 2361 2726 2428 successerant.
2777 2350 2885 2428 At
2924 2349 3063 2427 ubi
3114 2345 3328 2427 diem
3367 2346 3710 2455 signavit
3754 2344 3941 2423 ulti-

1167 2515 1381 2565 mum
1405 2548 1424 2585 ,
1460 2487 1525 2564 is
1566 2487 1878 2594 paterni
1918 2485 2316 2594 propositi
2349 2513 2676 2595 compos
2705 2486 2992 2581 factus,
3027 2484 3528 2594 Walaquiam
3558 2500 3638 2561 et
3666 2480 3938 2589 Bulga·

1166 2627 1401 2722 riam,
1434 2626 1800 2733 regiones
1833 2624 2245 2730 Hungarie
2279 2625 2843 2721 conterminas,
2868 2639 3391 2729 occupaverat
3412 2621 3486 2699 vi
3506 2617 3939 2699 armorum.

1167 2763 1358 2840 Erat
1398 2765 1615 2840 enim
1651 2763 1772 2840 vir
1803 2759 2220 2868 providus,
2254 2780 2344 2840 ut
2378 2760 2786 2860 dicebant,
2834 2780 2914 2840 et
2948 2759 3369 2859 discretus,
3404 2778 3483 2839 et
3512 2757 3743 2868 juxta
3783 2775 3938 2836 tra-

1164 2896 1519 2977 diciones
1557 2899 2005 2977 Turcorum
2060 2900 2657 3004 supersticiosas
2715 2899 3005 2977 timens
3069 2899 3351 2977 Deum.
3413 2896 3514 2975 Et
3581 2893 3934 3004 quamvis

1164 3036 1513 3113 nominis
1538 3037 1656 3113 sui
1699 3034 1986 3113 famam
2021 3034 2354 3115 dilatare
2384 3036 2685 3129 viribus
2712 3035 3152 3132 affectaret,
3192 3051 3413 3113 tante
3442 3051 3708 3113 tamen
3738 3032 3936 3111 exis-

1165 3170 1385 3249 tebat
1432 3171 1947 3250 humanitatis
2007 3201 2193 3281 erga
2245 3172 2528 3270 victos»,
2589 3169 2810 3281 quod
2873 3188 3006 3252 eos
3058 3173 3388 3251 minime
3442 3168 3934 3278 perangariis

1164 3305 1609 3387 adinventis
1644 3309 2190 3388 exactionibus
2215 3310 2727 3417 opprimebat
2760 3338 2906 3390 nec
2950 3338 2995 3389 a
3029 3309 3200 3389 solo
3234 3306 3570 3417 proprio
3599 3304 3935 3415 expelle-

1163 3445 1334 3541 bat,
1390 3441 1582 3521 dum
1640 3462 1904 3524 tamen
1963 3445 2116 3523 sibi
2176 3446 2471 3525 vellent
2521 3447 2672 3526 sub
2729 3475 2998 3526 annuo
3064 3432 3414 3542 tributo,
3476 3471 3933 3556 quanquam

1161 3576 1513 3687 modim,
1543 3577 1895 3659 obedire.
1932 3581 2164 3659 Pacta
2196 3579 2622 3661 inducialia
2664 3602 2744 3662 et
2771 3582 3340 3691 promissiones
3371 3578 3933 3662 inviolabiliter

1162 3743 1482 3794 servans
1503 3777 1520 3812 ‚
1555 3733 1634 3794 et
1660 3712 2036 3794 federatis
2061 3717 2321 3796 vivere
2351 3720 2511 3797 suis
2543 3718 2697 3797 sibi
2739 3719 3047 3826 legibus
3081 3717 3394 3797 sinebat
3416 3779 3435 3815 ,
3478 3717 3565 3796 id
3604 3745 3792 3826 sepe
3816 3743 3935 3795 re-

1163 3869 1439 3957 petens
1475 3881 1491 3929 :
1534 3885 1570 3925 «
1605 3852 1790 3930 Non
1832 3881 1978 3932 nos
2019 3853 2627 3934 intromittimus
2670 3852 2769 3934 de
2808 3855 3017 3950 istis,
3068 3871 3434 3960 optantes
3473 3871 3565 3933 ut
3599 3854 3936 3964 quisque

1161 4020 1197 4060 c<
1227 3988 1310 4064 in
1346 3987 1514 4095 lege
1558 4016 1692 4067 sua
1739 3988 2103 4087 salvetur,
2154 3989 2291 4069 sed
2341 3990 2594 4068 solum
2642 3991 3213 4100 temporalibus
3260 3990 3619 4071 volumus
3673 3986 3931 4069 domi-

1164 4158 1200 4197 «
1230 4125 1433 4221 nari,
1469 4152 1622 4235 que
1660 4143 1868 4206 certe
1909 4125 2145 4203 nobis
2176 4142 2644 4235 competunt
2685 4145 2765 4207 et
2804 4125 3145 4207 subditis
3177 4127 3331 4235 legi
3368 4145 3640 4207 nostre
3682 4153 3932 4206 sacra·

1163 4294 1200 4333 ‹<
1226 4262 1526 4343 tissime
1555 4262 1792 4369 pleno
1812 4262 2014 4368 jure.
2044 4295 2082 4334 >2
2104 4260 2295 4340 Beni
2302 4292 2509 4375 gnus
2539 4281 2619 4345 et
2643 4264 2987 4343 affabilis
3014 4264 3303 4343 exteris
3328 4291 3412 4343 se
3430 4260 3926 4360 ostendebat,

1159 4425 1583 4508 secureque
1604 4458 1622 4493 ,
1659 4415 2017 4505 tempore
2055 4397 2554 4481 induciarum
2583 4399 2922 4480 durante
2942 4461 2960 4497 ‚
2991 4427 3266 4480 omnes
3297 4397 3399 4479 ad
3430 4403 3694 4507 ipsum
3719 4426 3929 4479 acce-

1159 4530 1494 4630 debant,
1545 4535 1610 4613 si
1642 4534 1983 4642 sigillum
2018 4559 2242 4614 suum
2288 4535 2615 4616 ferrent.
2654 4535 2897 4639 Quod
2944 4555 3024 4617 et
3072 4538 3156 4615 in
3190 4537 3539 4616 exercitu
3589 4538 3674 4614 in
3707 4552 3929 4614 tanta

1157 4671 1604 4748 reverencia
1627 4668 2098 4770 habebatur,
2124 4670 2345 4780 quod
2375 4701 2649 4753 omnes
2678 4672 3106 4754 flectebant
3129 4701 3419 4781 genua,
3444 4670 3640 4752 ¹dum
3667 4674 3926 4781 ipsum

1157 4806 1732 4913 percipiebant.
1757 4806 1907 4887 Per
1935 4809 2406 4916 interpretes
2436 4830 2518 4892 et
2538 4811 3081 4923 exploratores
3111 4839 3296 4891 suos
3326 4827 3622 4890 statum
3654 4835 3923 4917 regum
