4666 6014
1050 663 1196 738 576
1521 658 2205 746 cuaomcoaum
2253 659 2610 737 KAaou
2658 658 2945 736 saxu
2989 658 3168 765 us.
3223 659 3358 734 ιχ.

1055 839 1240 893 men
1275 808 1488 924 quod
1539 814 1834 920 patuit,
1874 811 2373 894 menciendo.
2410 815 2615 894 Nam
2659 840 2806 924 per
2850 813 3278 920 magistros
3307 813 3395 890 in
3433 810 3832 922 theologia

1054 948 1552 1030 examinatus
1582 967 1672 1029 ‘et
1720 950 2113 1057 perlectus
2162 949 2368 1034 liber
2415 950 2545 1036 ille
2589 976 2974 1031 erroneus
3016 966 3104 1029 et
3156 948 3437 1056 plenus
3473 949 3833 1030 heresum

1057 1085 1316 1166 dictus
1350 1104 1502 1185 est,
1537 1089 1724 1199 quia
1753 1104 2047 1168 statum
2082 1088 2585 1169 ecclesiastici
2617 1086 2931 1169 ordinis
2956 1088 3303 1196 turpiter
3328 1084 3835 1184 diffamabat,

1057 1241 1139 1302 et
1173 1223 1490 1303 beatam
1520 1225 1667 1304 Dei
1710 1226 2173 1334 genitricem
2210 1225 2748 1334 vilipendens,
2791 1252 3068 1306 omnes
3099 1241 3417 1305 sanctos
3445 1223 3839 1304 hereticos

1060 1359 1539 1441 affirmabat.
1590 1358 1985 1442 Mundum
2032 1365 2277 1442 eciam
2316 1391 2487 1444 non
2527 1363 2866 1472 amplius
2911 1392 2958 1450 a
2992 1364 3166 1442 Deo
3218 1379 3446 1469 patre
3484 1361 3602 1441 vel
3634 1359 3840 1441 Filio

1055 1495 1197 1578 sed
1226 1526 1272 1577 a
1305 1498 1617 1607 Spiritu
1635 1497 1930 1583 Sancto
1957 1501 2124 1608 regi
2156 1485 2449 1582 debere
2476 1502 2882 1582 astruebat
2904 1528 3156 1609 usque
3172 1497 3273 1579 ad
3298 1497 3541 1579 finem
3564 1498 3837 1607 ipsius3

1056 1653 1138 1715 et
1192 1623 1373 1722 cum
1411 1638 1583 1747 ejus
1608 1729 1613 1736 ,
1637 1636 1761 1718 lex
1813 1639 1921 1717 sit
1975 1639 2447 1747 simpliciter
2504 1641 2802 1719 amoris
2820 1699 2842 1738 ,
2889 1637 3261 1718 mortales
3307 1637 3846 1720 ecclesiasticis

1060 1775 1571 1858 sacramentis
1610 1771 1945 1870 dicebat,
1966 1801 2137 1864 non
2170 1759 2574 1884 indigere,
2614 1773 2718 1854 ad
2760 1775 3267 1884 propositum
3291 1791 3374 1854 et
3403 1773 3848 1856 litteraliter

1060 1907 1313 1988 Biblie
1343 1910 1857 1990 auctoritates
1876 1909 2297 2018 ,applicans
2312 1970 2336 2009 ,
2360 1940 2453 1992 ac
2480 1913 2549 1991 si
2578 1910 2882 2020 grande
2909 1927 3115 1991 esset
3151 1928 3233 1989 et
3260 1938 3430 1990 non
3461 1911 3868 1991 viciosum·

1060 2042 1378 2125 dicendi
1417 2073 1668 2153 genus
1697 2044 2132 2155 depravare
2160 2022 2596 2128 sententias
2621 2065 2703 2127 et
2727 2046 2830 2128 ad
2861 2047 3355 2158 uoluntatem
3389 2073 3620 2126 suam
3664 2069 3844 2159 pes-

1062 2186 1369 2262 simamr
1408 2211 1722 2264 sacram
1763 2185 2244 2293 scripturam
2299 2185 2619 2264 trahere
2658 2201 3262 2292 repugnantem.
3328 2183 3536 2263 Cum
3585 2200 3851 2262 autem

1063 2318 1420 2425 prefatus
1458 2320 1850 2419 Thomas,
1888 2349 2105 2404 nunc
2151 2321 2416 2431 palam
2457 2349 2678 2402 nunc
2719 2322 2808 2401 in
2844 2338 3148 2400 secreto
3192 2318 3756 2427 reprehensus,
3804 2348 3848 2398 a

1067 2439 1490 2570 proposito
1512 2459 1975 2566 resipiscere
1990 2476 2414 2555 recusaret,
2446 2461 2657 2538 circa
2684 2457 2976 2539 festum
3003 2456 3555 2567 apostolorum
3578 2455 3855 2564 Symo·

1066 2597 1194 2694 nis
1236 2583 1318 2673 et
1353 2593 1596 2692 Jude,
1638 2595 1727 2674 in
1773 2597 2183 2675 communi
2231 2591 2496 2704 platea
2536 2594 2846 2674 Gravie.
2871 2621 3015 2703 per
3048 2592 3444 2703 judicium
3496 2573 3852 2703 episcopi

1066 2730 1533 2816 Parisiensis
1571 2746 1654 2810 et
1687 2730 2246 2828 Universitatis
2278 2728 2671 2810 adductus
2696 2728 2887 2827 fuit,
2919 2747 3000 2809 et
3031 2728 3236 2809 liber
3272 2730 3445 2838 ejus
3483 2728 3854 2809 combus-

1068 2882 1221 2945 tus,
1264 2865 1475 2965 Quia
1526 2881 1795 2946 tamen
1840 2862 2337 2948 medicorum
2380 2882 2462 2946 et
2510 2864 3010 2974 phisicorum
3048 2864 3355 2974 judicio
3397 2865 3641 2944 homo
3684 2892 3857 2946 non

1068 3000 1243 3080 sani
1271 2999 1555 3108 capitis
1587 2999 1856 3081 fuerat
1893 3018 2304 3111 reputatus
2327 3062 2349 3101 ,
2384 2999 2759 3083 reductus
2798 3021 3119 3083 coactus
3157 3001 3326 3082 fuit>
3362 3018 3632 3082 tenere
3689 3029 3856 3080 car-

1071 3163 1331 3216 cerem
1362 3154 1872 3245 perpetuum,
1901 3165 2005 3218 ne
2024 3137 2219 3219 falsa
2237 3135 2861 3246 dogmatizando
2889 3138 3206 3246 plebem
3231 3135 3676 3235 seduceret3
3697 3164 3859 3249 ,quc

1070 3273 1236 3379 jam
1276 3273 2168 3383 gravem-eloquendam
2203 3271 2615 3356 admirans
2642 3275 2891 3355 eciam
2925 3271 3639 3385 magnipendebat,
3681 3300 3859 3353 cum

1072 3409 1658 3491 assercionibus
1696 3412 1862 3491 suis
1899 3411 2125 3492 vanis
2154 3439 2418 3493 sacras
2449 3411 2756 3494 litteras
2787 3429 2952 3491 tam
2991 3428 3367 3523 prompte
3397 3429 3477 3492 et
3503 3409 3868 3491 textuali-

1074 3564 1197 3625 ter
1225 3546 1727 3627 immisceret.

1969 3699 2654 3852 c'APITULUM
2722 3770 2958 3855 XVI.

1443 3999 1534 4061 De
1568 4000 1842 4082 magistro
1866 3999 2129 4064 lohanne
2156 4002 2230 4064 de
2259 4001 2608 4066 Montesono
2636 4017 2695 4065 et
2723 4003 3116 4066 Universitate
3145 4003 3479 4064 Parisiensi.

1196 4230 1570 4329 Recessus
1613 4231 1657 4309 J
1657 4231 2002 4313 ohannis
2041 4233 2143 4314 de
2181 4233 2659 4318 Montesono
2696 4231 3235 4316 clandestinus
3251 4292 3272 4333 ,
3316 4232 3416 4314 de
3446 4262 3611 4345 quo
3632 4262 3866 4344 ‚supe-

1085 4369 1252 4447 rius
1279 4365 1579 4449 dictum
1618 4387 1739 4451 est
1761 4432 1781 4468 ,
1825 4369 2120 4451 clerum
2157 4373 2681 4455 parisiensem
2717 4401 2885 4454 non
2928 4372 3328 4453 immerito
3368 4371 3747 4472 turbavit,
3790 4390 3872 4454 et

1084 4504 1496 4619 amplioris
1532 4503 1885 4587 scandali
1935 4510 2346 4590 materiam
2387 4540 2479 4593 ac
2515 4507 2914 4591 discordie
2950 4509 3466 4607 ministravit,
3513 4507 3869 4589 median-

1087 4626 1304 4722 tibus
1340 4642 1725 4737 fratribus
1774 4641 2084 4725 ordinis
2125 4642 2716 4756 predicatorum
2733 4709 2753 4745 ,
2793 4664 2886 4728 ut
2909 4646 3208 4753 *almam
3270 4645 3870 4759 Universitatem

1087 4768 1583 4899 videruntjab
1614 4781 1933 4898 incepto
1965 4782 2077 4862 sic
2105 4781 2577 4873 fraudatam.
2604 4785 2808 4864 Nam
2842 4780 3031 4865 inde
3060 4783 3339 4891 repleti
3368 4784 3589 4865 inani
3618 4783 3873 4863 leticia
