4666 6014
1107 651 1200 723 46
1615 646 2297 723 CHRONIGORUM
2351 648 2706 723 KAROLI
2757 647 3041 724 SEX‘n
3091 651 3268 725 1213.
3321 653 3379 723 L

1102 798 1685 877 roborarentur
1736 825 1892 908 que
1925 793 2321 906 judicium
2352 816 2434 878 et
2459 799 2862 908 justiciam
2904 818 3427 883 concernunt.
3481 800 3752 881 Prolis.
3772 829 3895 880 re-

1098 936 1225 1042 gie
1302 952 1879 1045 consequenter
1961 962 2237 1014 curam
2304 935 2823 1017 domesticam
2899 935 3362 1046 Burgundie
3440 954 3522 1017 et
3584 938 3894 1017 Borbo-

1098 1071 1396 1153 niensis
1426 1068 1718 1151 ducum
1741 1066 2105 1149 fidelitati
2137 1089 2217 1151 et
2248 1056 2643 1153 industrie
2678 1073 3192 1181 singulariter
3225 1072 3560 1183 dignum
3588 1073 3895 1154 ducunt

1098 1204 1750 1285 committendam
1771 1267 1789 1302 ,
1845 1208 1982 1317 qui
2036 1205 2395 1287 eamdem
2439 1208 2776 1289 dulciter
2816 1206 3245 1289 educantes
3292 1228 3373 1288 et
3410 1211 3895 1290 instruerent

1097 1345 1498 1442 moribuS‚
1561 1340 1817 1423 donec
1881 1345 2328 1453 pubertatis
2384 1376 2639 1426 annos
2705 1346 3115 1454 attigisset.
3183 1344 3573 1427 Additum
3627 1365 3745 1426 est
3805 1348 3889 1426 in

1094 1481 1707 1590 composicionis
1740 1480 2002 1561 forma
2027 1544 2046 1578 ,
2076 1500 2168 1561 ut
2200 1484 2429 1591 regni
2472 1481 2920 1590 pecuniales
2967 1500 3280 1592 recepte
3317 1479 3723 1571 ordinarie
3755 1500 3892 1560 aut

1092 1617 1425 1697 urbanis
1453 1618 2008 1698 exactionibus
2040 1618 2713 1726 augendeerariis
2755 1618 2994 1726 regiis
3032 1616 3559 1716 inferrentur;
3606 1647 3891 1698 aurum

1093 1782 1281 1833 vero
1306 1814 1325 1849 ‚
1357 1781 1575 1843 vasa,
1609 1754 1896 1861 jocalia
1935 1772 2098 1845 tam
2135 1754 2478 1835 artificio
2504 1784 2747 1867 quam
2772 1756 3104 1834 materia
3139 1760 3887 1861 sumchommen-

1095 1888 1391 1972 dabilia
1431 1891 1682 1999 patris
1701 1951 1721 1988 ,
1760 1907 1840 1971 et
1868 1909 2166 1971 cuncta·
2204 1889 2759 1972 desiderabilia
2800 1889 3087 1970 domus
3117 1890 3286 1998 ejus
3306 1951 3326 1987 ,
3369 1887 3592 1970 ducis
3625 1889 3890 1969 Ande-

1093 2027 1450 2133 gavensis
1488 2028 2149 2106 submitterentur
2200 2028 2540 2106 arbitrio
2564 2090 2583 2125 ‚
2636 2028 2859 2136 prius
2910 2044 3177 2106 tamen
3224 2053 3321 2104 ex
3373 2023 3669 2105 eisdem
3717 2027 3885 2133 regi

1091 2148 1483 2269 assignata
1512 2163 1970 2270 provisione
1995 2163 2505 2272 competenti.
2552 2142 3081 2242 Concluditur
3108 2160 3358 2240 eciam
3395 2179 3488 2239 ut
3518 2157 3683 2240 dux
3715 2162 3914 2269 ipse.

1091 2297 1262 2375 solo
1308 2298 1652 2405 regentis
1691 2300 2015 2377 nomine
2051 2316 2404 2378 uteretur
2424 2360 2443 2397 ‚
2479 2315 2559 2377 et
2589 2299 2655 2377 si
2689 2299 2773 2380 in
2802 2282 3070 2407 regno*
3086 2294 3393 2408 aliquid
3423 2298 3609 2376 novi
3638 2305 3883 2377 emer-

1090 2450 1312 2539 geret
1350 2434 1697 2542 tempori
1749 2462 1839 2513 ac
1878 2435 2116 2514 rebus
2139 2496 2159 2532 ‚
2204 2418 2668 2546 principalis
2711 2435 3082 2512 existeret
3113 2429 3216 2512 ad
3263 2408 3666 2543 colloquia'
3699 2461 3882 2511 cum

1089 2569 1368 2646 ceteris
1409 2566 1746 2648 ducibus
1776 2567 2200 2651 evocanda.
2256 2570 2353 2648 In
2399 2569 2717 2678 scriptis
2765 2568 3437 2679 composicionem
3481 2564 3878 2648 redactam

1092 2703 1335 2784 duces
1372 2723 2013 2815 acceptaverunt,
2056 2706 2386 2785 arbitris
2443 2702 2965 2813 regraciando
2985 2765 3005 2801 ,
3060 2702 3280 2815 quod
3313 2731 3592 2782 eorum
3633 2730 3875 2811 opera

1089 2843 1352 2950 sopita
1401 2858 1605 2921 esset
1632 2839 2054 2923 discordia.
2092 2843 2194 2922 Et
2224 2842 2583 2954 quamvis
2615 2839 2780 2920 dux
2813 2838 3269 2948 Andegavie
3310 2837 3499 2953 inde
3531 2842 3877 2948 regentis

1088 2974 1567 3057 diminutam
1609 2980 2169 3060 auctoritatem
2206 3005 2396 3087 egre
2433 2977 2679 3057 ferret
2693 3039 2713 3075 ‚
2757 2976 3029 3057 favore
3071 2993 3338 3056 tamen
3389 2972 3876 3055 dilectissimi

1090 3116 1407 3222 nepotis
1428 3175 1447 3210 ‚
1501 3143 1681 3194 cum
1746 3117 2027 3195 ceteris
2082 3131 2312 3224 grato
2379 3140 2863 3193 concurrens
2936 3140 3258 3193 assensu
3276 3173 3296 3209 ‚
3362 3110 3874 3191 condiciones

1088 3249 1607 3329 articulorum
1637 3249 1765 3331 die
1795 3251 2155 3361 sequenti
2209 3251 2297 3329 in
2332 3248 2507 3329 aula
2549 3249 2831 3356 regalis
2882 3248 3168 3329 Palacii
3200 3248 3476 3328 statuit
3519 3246 3873 3356 promul-

1089 3383 1411 3493 gandas.

2063 3531 2728 3654 carnotum
2777 3533 2889 3607 11.

1455 3766 1545 3825 De
1571 3766 1758 3846 prima
1787 3765 2180 3826 commocione
2216 3765 2480 3847 populari
2508 3777 2643 3825 ante
2674 3766 2827 3847 regis
2852 3764 3290 3850 coronacionem
3318 3776 3496 3826 mota.

1198 3970 1505 4050 Pacatis
1545 3967 2127 4051 discordiarum
2167 3968 2572 4080 procellis,
2604 3997 2786 4048 cum
2832 3968 3300 4048 exuberanti
3349 3967 3607 4045 leticia
3636 3965 3864 4071 plebs

1086 4104 1390 4185 audivit
1457 4104 1698 4187 duces
1764 4103 2354 4186 accelerandam
2409 4105 3026 4186 coronacionem
3082 4106 3289 4212 regis
3356 4100 3859 4214 conclusisse.

1083 4241 1247 4342 Qui
1300 4259 1566 4322 tamen
1627 4243 1895 4321 Remis
1952 4241 2278 4322 tendere
2335 4240 2808 4353 aliquandiu
2869 4240 3349 4322 distulerunt
3375 4301 3394 4338 ‚
3452 4217 3865 4319 occasione

1082 4376 1562 4458 bellatorum
1581 4380 1721 4490 qui
1746 4440 1764 4475 ,
1799 4377 2094 4458 relictis
2108 4378 2633 4486 Anglicorum
2671 4379 3023 4486 vestigiis
3040 4438 3062 4475 ‚
3093 4379 3302 4457 circa
3343 4376 3864 4455 Parisiensem

1081 4511 1483 4619 dyocesim
1515 4515 1900 4596 sevientes
1915 4574 1934 4611 ,
1962 4512 2525 4594 intollerabilia
2551 4511 2902 4623 dampna
2934 4512 3408 4593 inferebant.
3440 4512 3753 4591 Civium
3772 4538 3861 4588 ac

1082 4649 1610 4728 ruricolarum
1638 4649 2161 4759 querimoniis
2194 4648 2360 4730 dux
2386 4676 2640 4729 novus
2681 4676 2962 4758 regens
2994 4648 3384 4758 pulsatus,
3425 4648 3860 4755 capitaneis
3993 4705 3996 4708 -

1082 4812 1386 4894 summe
1422 4787 1916 4865 auctoritatis
1947 4788 2290 4868 evocatis
2325 4817 2342 4865 :
2376 4820 2414 4862 α
2441 4786 2721 4867 Sermo
2741 4848 2760 4883 ,
2793 4788 3092 4900 inquit,
3129 4786 3390 4894 gravis
3415 4800 3498 4862 et
3525 4784 3858 4864 verbum
