4666 6014
1098 738 1241 808 aso
1475 756 1483 763 ·
1533 731 2218 807 CHRONIGORUM
2267 700 2625 805 KARom
2675 729 2961 804 sExT1
3010 730 3187 802 Lm.
3243 729 3436 803 v111.

2050 947 2707 1091 dAPITULUM
2778 1014 2918 1093 IV.

1642 1221 2154 1290 conestabularius
2181 1218 2428 1284 Francia
2455 1245 2491 1284 a
2520 1221 2668 1285 duee
2703 1220 2963 1284 Britanie
2991 1232 3195 1305 captus
3221 1220 3354 1286 fuit.

1208 1428 1415 1510 Cum
1456 1418 1666 1536 regis
1696 1429 2227 1537 ingloriosum
2256 1457 2302 1510 a
2331 1447 2581 1539 portu
2610 1428 2929 1510 Escluse
2964 1455 3348 1508 recessum
3376 1427 3539 1539 jam
3576 1424 3891 1535 predic-

1096 1583 1266 1644 tum
1306 1564 1660 1645 universi
1701 1593 1885 1647 cum
1922 1573 2232 1646 su'mma
2270 1566 2723 1674 perferrent
2762 1564 3309 1675 displicenda,
3352 1564 3705 1672 insignes
3740 1565 3889 1642 mi·

1091 1704 1271 1784 lites
1290 1764 1309 1802 ,
1345 1702 1712 1788 Oliverus
1752 1699 2088 1785 Francie
2131 1704 2813 1786 conestabularius
2832 1765 2852 1802 ‚
2887 1720 2968 1785 et
2998 1701 3456 1784 admirallus
3486 1703 3531 1783 J
3534 1702 3894 1783 ohannes

947 1839 958 1850 ’
1092 1837 1194 1919 de
1210 1838 1561 1938 Vienna,
1591 1823 2122 1922 obtinuerunt
2153 1869 2341 1949 erga
2366 1842 2629 1950 ipsum
2654 1857 2745 1920 ut
2768 1857 3084 1920 tantum
3112 1839 3654 1949 opprobrium
3683 1868 3889 1948 quo-

1093 1974 1279 2056 dam
1326 2003 1647 2085 agressu
1714 1977 2086 2073 notabili,
2117 1975 2605 2058 redimerent
2635 2040 2654 2078 ‚
2708 1978 3222 2057 sacramentis
3282 1993 3563 2057 mutuo
3629 2004 3712 2056 se
3763 2004 3889 2056 as·-

1092 2115 1537 2221 tringentes
1583 2111 1804 2225 quod
1867 2116 1954 2194 in
1987 2114 2364 2223 Angliam
2394 2114 3010 2196 transfretarent
3037 2176 3056 2214 ‚
3090 2131 3173 2194 et
3209 2110 3605 2226 quidquid
3635 2113 3892 2194 hostis

1097 2252 1183 2330 in
1214 2251 1531 2331 hostem
1561 2252 1970 2333 consuevit
2003 2270 2493 2332 exercerent.
2525 2252 2701 2333 Jam
2719 2252 3344 2364 jamque‘eorum
3367 2249 3668 2330 sollerti
3697 2278 3891 2360 pro-

1090 2385 1451 2468 videncia
1514 2407 1800 2469 cuncta
1856 2386 1960 2469 ad
2020 2387 2179 2470 hoc
2241 2386 2632 2499 disposita
2686 2386 3244 2469 credebantur.
3301 2383 3511 2468 Nam
3569 2389 3890 2469 navium

1096 2526 1366 2607 classis
1422 2525 1833 2608 sufficiens
1865 2527 2221 2606 Britanie
2255 2524 2774 2637 Picardieque
2805 2525 3217 2607 littoribus
3276 2526 3713 2607 stacionem
3753 2525 3889 2606 ha-

1092 2663 1338 2744 bebat
1361 2724 1381 2762 ,
1442 2680 1524 2745 et
1581 2692 1686 2744 ne
1744 2662 2179 2745 multitudo
2238 2664 2571 2746 confusa
2624 2681 3167 2778 pugnatorum
3210 2664 3490 2775 pocius
3545 2662 3887 2774 impedi-

1095 2816 1368 2880 mento
1403 2815 1483 2880 et
1514 2802 1745 2880 oneri
1777 2829 2019 2913 quam
2045 2800 2380 2884 utilitati
2415 2817 2619 2882 esset
2641 2862 2662 2900 ,
2702 2828 2799 2882 ex
2831 2801 3139 2882 cunctis
3169 2802 3336 2882 oris
3366 2801 3706 2880 Francie
3734 2801 3889 2881 tria

1093 2953 1411 3017 tantum
1459 2936 1680 3018 milia
1722 2966 1824 3018 ex
1860 2938 2056 3048 ipsis
2098 2966 2371 3020 secum
2411 2936 2747 3047 dignum
2788 2935 3188 3019 duxerant
3227 2933 3614 3018 ducenda.
3666 2936 3885 3019 Ulte-

1097 3076 1264 3155 rius
1282 3136 1302 3173 ‚
1367 3103 1471 3155 ne
1534 3074 1675 3157 diu
1734 3092 2141 3186 protracta
2204 3104 2432 3158 mora
2486 3077 2746 3188 pelagi
2804 3074 3436 3184 tranquilitatem
3486 3091 3829 3156 mutaret
3861 3137 3881 3173 ‚

1093 3213 1364 3292 estatis
1398 3213 1868 3321 temperiem
1893 3214 2318 3325 elegerant,
2340 3213 2553 3296 velut
2582 3230 2896 3323 tempus
2924 3229 3444 3323 oportunum,
3484 3239 3648 3325 quo
3686 3240 3879 3294 aura

1090 3349 1610 3438 comitaretur
1635 3349 2092 3459 benignior.
2133 3353 2236 3436 Et
2278 3351 2429 3433 bec
2470 3353 2739 3432 omnia
2767 3349 3051 3464 procul
3084 3348 3337 3430 dubio
3369 3349 3698 3430 Francis
3726 3378 3887 3449 ces-

1090 3488 1379 3568 sissent
1404 3484 1505 3568 ad
1528 3488 1909 3597 gloriam;
1940 3486 2080 3569 sed
2106 3490 2192 3569 in
2215 3488 2374 3570 hoc
2404 3516 2798 3598 procursu
2826 3517 3094 3572 rerum
3119 3484 3221 3569 ad
3246 3502 3430 3568 vota
3454 3485 3884 3569 fluencium

1087 3622 1417 3706 adversa
1447 3653 1533 3707 se
1559 3628 2076 3708 miscuerunt.
3505 3716 3512 3723 ,

1203 3761 1434 3864 Sane,
1476 3758 1570 3845 ut
1604 3762 1708 3845 ad
1737 3764 2193 3873 Anglorum
2220 3767 2604 3847 noticiam
2634 3764 2781 3847 hic'
2796 3786 3225 3876 apparatus
3255 3765 3659 3877 pervenit,
3694 3767 3907 3877 quia‘

1087 3920 1280 3983 tunc
1333 3904 1634 3985 mutuis
1686 3901 2228 3986 sedicionibus
2280 3901 2813 4005 dissidebant,
2873 3906 3298 4017 antiquum
3344 3920 3426 3985 et
3466 3901 3886 4014 specialem

1090 4040 1434 4121 amicum
1501 4037 1783 4122 ducem
1842 4040 2196 4122 Britanie
2255 4059 2742 4151 rogaverunt
2804 4058 2898 4122 ut
2966 4038 3469 4122 adinveniret
3526 4036 3881 4119 medium

1089 4204 1237 4285 per
1270 4175 1490 4289 quod
1519 4176 1935 4288 expedicio
1967 4178 2530 4280 frustraretur3
2572 4196 2652 4261 et
2693 4176 2778 4259 id
2806 4178 3205 4287 complere
3244 4178 3643 4287 promisit.
3689 4176 3881 4256 Om-

1090 4312 1333 4402 nibus
1388 4333 1676 4396 notum
1721 4333 1893 4398 erat
1937 4318 2204 4429 ipsum
2256 4319 2343 4398 in
2395 4315 3122 4399 conestabularium
3161 4313 3636 4424 inexpiabili
3691 4342 3875 4394 ran-

1090 4477 1277 4531 core
1320 4449 1714 4535 laborare.
1767 4451 1961 4535 Ideo
2004 4482 2189 4535 eum
2228 4480 2572 4536 evocans
2621 4452 2847 4565 quasi
2894 4451 3049 4532 sub¹
3087 4480 3229 4564 spe
3270 4453 3491 4562 pacis
3542 4476 3879 4561 compo·

1088 4585 1352 4668 nende
1370 4650 1391 4690 ‚
1432 4607 1513 4672 et
1568 4607 1662 4671 ut
1698 4607 1871 4672 erat
1900 4593 2026 4672 vir
2060 4589 2447 4676 subdolus
2470 4652 2490 4693 ‚
2523 4607 2812 4703 potens
2852 4588 3226 4672 simulare
3264 4606 3345 4671 et
3385 4586 3880 4671 dissimulare

1089 4727 1633 4839 propositum,
1675 4727 1940 4809 verbis
1972 4727 2326 4838 pacificis
2356 4728 2607 4811 multa
2634 4730 2709 4811 ei
2738 4730 3119 4842 loquutus
3156 4745 3276 4810 est
3303 4730 3390 4809 in
3422 4724 3645 4826 dolo,
3693 4752 3881 4834 pro·

1086 4861 1520 4955 sectionem
1550 4892 1779 4949 suam
1810 4865 2085 4949 multis
2117 4864 2487 4949 laudibus
2532 4866 2926 4949 attollens.
2959 4869 3078 4950 Ac
3112 4866 3252 4948 ubi
3284 4862 3491 4946 vidit
3527 4863 3877 4945 animum
