<?xml version="1.0" encoding="UTF-8"?>
<!DOCTYPE html PUBLIC "-//W3C//DTD XHTML 1.0 Transitional//EN"
    "http://www.w3.org/TR/xhtml1/DTD/xhtml1-transitional.dtd">
<html xmlns="http://www.w3.org/1999/xhtml" xml:lang="en" lang="en">
 <head>
  <title>
</title>
<meta http-equiv="Content-Type" content="text/html;charset=utf-8" />
  <meta name='ocr-system' content='tesseract 3.04.00' />
  <meta name='ocr-capabilities' content='ocr_page ocr_carea ocr_par ocr_line ocrx_word'/>
</head>
<body>
  <div class='ocr_page' id='page_1' title='image "./chroniquedureli00frangoog_0626.png"; bbox 0 0 4666 6014; ppageno 0'>
   <div class='ocr_carea' id='block_1_1' title="bbox 1107 643 3404 728">
    <p class='ocr_par' dir='ltr' id='par_1_1' title="bbox 1107 643 3404 728">
     <span class='ocr_line' id='line_1_1' title="bbox 1107 643 3404 728; baseline -0.002 -1"><span class='ocrx_word' id='word_1_1' title='bbox 1107 653 1249 727; x_wconf 79' lang='lat'><strong>602</strong></span> <span class='ocrx_word' id='word_1_2' title='bbox 1590 646 2274 722; x_wconf 83' lang='lat' dir='ltr'>CHRONICORUM</span> <span class='ocrx_word' id='word_1_3' title='bbox 2326 645 2682 720; x_wconf 82' lang='lat' dir='ltr'><strong>KAROLI</strong></span> <span class='ocrx_word' id='word_1_4' title='bbox 2732 643 3019 720; x_wconf 78' lang='lat' dir='ltr'>SEXTI</span> <span class='ocrx_word' id='word_1_5' title='bbox 3069 645 3247 728; x_wconf 75' lang='lat' dir='ltr'>LIB-</span> <span class='ocrx_word' id='word_1_6' title='bbox 3299 649 3404 722; x_wconf 77' lang='lat' dir='ltr'><strong>X.</strong></span> 
     </span>
    </p>
   </div>
   <div class='ocr_carea' id='block_1_2' title="bbox 1024 793 3924 4899">
    <p class='ocr_par' dir='ltr' id='par_1_2' title="bbox 1024 793 3924 3490">
     <span class='ocr_line' id='line_1_2' title="bbox 1032 793 3900 908; baseline 0.001 -27"><span class='ocrx_word' id='word_1_7' title='bbox 1032 801 1045 808; x_wconf 74' lang='grc'><strong>“</strong></span> <span class='ocrx_word' id='word_1_8' title='bbox 1103 803 1560 881; x_wconf 81' lang='lat' dir='ltr'><strong>nominatus</strong></span> <span class='ocrx_word' id='word_1_9' title='bbox 1605 800 1904 908; x_wconf 87' lang='lat' dir='ltr'><strong>recepit</strong></span> <span class='ocrx_word' id='word_1_10' title='bbox 1949 815 2028 877; x_wconf 84' lang='lat' dir='ltr'><strong>et</strong></span> <span class='ocrx_word' id='word_1_11' title='bbox 2077 793 2397 878; x_wconf 86' lang='lat' dir='ltr'><strong>ecclesia</strong></span> <span class='ocrx_word' id='word_1_12' title='bbox 2449 814 2638 907; x_wconf 88' lang='lat' dir='ltr'><strong>post</strong></span> <span class='ocrx_word' id='word_1_13' title='bbox 2693 798 3046 897; x_wconf 81' lang='lat' dir='ltr'><strong>remisit,</strong></span> <span class='ocrx_word' id='word_1_14' title='bbox 3105 797 3643 881; x_wconf 71' lang='lat' dir='ltr'><strong>satisfactione</strong></span> <span class='ocrx_word' id='word_1_15' title='bbox 3708 802 3900 884; x_wconf 82' lang='lat' dir='ltr'><strong>inde</strong></span> 
     </span>
     <span class='ocr_line' id='line_1_3' title="bbox 1099 933 3897 1045; baseline 0.001 -28"><span class='ocrx_word' id='word_1_16' title='bbox 1099 940 1305 1019; x_wconf 87' lang='lat' dir='ltr'><strong>facta</strong></span> <span class='ocrx_word' id='word_1_17' title='bbox 1358 936 1861 1045; x_wconf 84' lang='lat' dir='ltr'>competenti.</span> <span class='ocrx_word' id='word_1_18' title='bbox 1927 933 2128 1014; x_wconf 86' lang='lat' dir='ltr'><strong>Cum</strong></span> <span class='ocrx_word' id='word_1_19' title='bbox 2196 936 2443 1044; x_wconf 81' lang='lat' dir='ltr'><strong>igitur</strong></span> <span class='ocrx_word' id='word_1_20' title='bbox 2509 933 2612 1015; x_wconf 90' lang='lat' dir='ltr'><strong>ad</strong></span> <span class='ocrx_word' id='word_1_21' title='bbox 2678 934 2964 1032; x_wconf 84' lang='lat' dir='ltr'><strong>altare,</strong></span> <span class='ocrx_word' id='word_1_22' title='bbox 3033 952 3126 1014; x_wconf 88' lang='lat' dir='ltr'><strong>ut</strong></span> <span class='ocrx_word' id='word_1_23' title='bbox 3185 936 3450 1045; x_wconf 88' lang='lat' dir='ltr'><strong>prius,</strong></span> <span class='ocrx_word' id='word_1_24' title='bbox 3529 936 3897 1022; x_wconf 80' lang='lat' dir='ltr'><strong>rediisset</strong></span> 
     </span>
     <span class='ocr_line' id='line_1_4' title="bbox 1071 1064 3924 1186; baseline 0 -30"><span class='ocrx_word' id='word_1_25' title='bbox 1071 1064 1518 1186; x_wconf 91' lang='lat' dir='ltr'><strong>episcopus</strong></span> <span class='ocrx_word' id='word_1_26' title='bbox 1543 1137 1561 1172; x_wconf 93' lang='lat'><strong>,</strong></span> <span class='ocrx_word' id='word_1_27' title='bbox 1646 1073 2020 1153; x_wconf 83' lang='lat' dir='ltr'><strong>dominus</strong></span> <span class='ocrx_word' id='word_1_28' title='bbox 2106 1072 2784 1153; x_wconf 85' lang='lat' dir='ltr'><strong>conestabularius</strong></span> <span class='ocrx_word' id='word_1_29' title='bbox 2867 1073 3378 1185; x_wconf 79' lang='lat' dir='ltr'><strong>insignesque</strong></span> <span class='ocrx_word' id='word_1_30' title='bbox 3462 1077 3924 1158; x_wconf 78' lang='lat' dir='ltr'><strong>marescalli-</strong></span> 
     </span>
     <span class='ocr_line' id='line_1_5' title="bbox 1100 1205 3896 1322; baseline 0.001 -28"><span class='ocrx_word' id='word_1_31' title='bbox 1100 1213 1634 1322; x_wconf 89' lang='lat' dir='ltr'><strong>prenominati</strong></span> <span class='ocrx_word' id='word_1_32' title='bbox 1656 1274 1675 1310; x_wconf 95' lang='lat'><strong>,</strong></span> <span class='ocrx_word' id='word_1_33' title='bbox 1718 1240 1920 1321; x_wconf 90' lang='lat' dir='ltr'><strong>quos</strong></span> <span class='ocrx_word' id='word_1_34' title='bbox 1955 1228 2137 1291; x_wconf 90' lang='lat' dir='ltr'><strong>octo</strong></span> <span class='ocrx_word' id='word_1_35' title='bbox 2186 1212 2575 1291; x_wconf 87' lang='lat' dir='ltr'><strong>solemnes</strong></span> <span class='ocrx_word' id='word_1_36' title='bbox 2627 1205 2917 1290; x_wconf 89' lang='lat' dir='ltr'><strong>milites</strong></span> <span class='ocrx_word' id='word_1_37' title='bbox 2958 1211 3063 1292; x_wconf 91' lang='lat' dir='ltr'><strong>ab</strong></span> <span class='ocrx_word' id='word_1_38' title='bbox 3104 1226 3445 1321; x_wconf 87' lang='lat' dir='ltr'><strong>utroque</strong></span> <span class='ocrx_word' id='word_1_39' title='bbox 3476 1209 3721 1293; x_wconf 85' lang='lat' dir='ltr'><strong>latere</strong></span> <span class='ocrx_word' id='word_1_40' title='bbox 3763 1210 3896 1296; x_wconf 92' lang='lat' dir='ltr'><strong>de-</strong></span> 
     </span>
     <span class='ocr_line' id='line_1_6' title="bbox 1098 1336 3891 1460; baseline 0.001 -30"><span class='ocrx_word' id='word_1_41' title='bbox 1098 1350 1520 1450; x_wconf 83' lang='lat' dir='ltr'><strong>ducebant,</strong></span> <span class='ocrx_word' id='word_1_42' title='bbox 1563 1368 1780 1430; x_wconf 89' lang='lat' dir='ltr'><strong>scuta</strong></span> <span class='ocrx_word' id='word_1_43' title='bbox 1827 1347 2235 1458; x_wconf 82' lang='lat' dir='ltr'><strong>cuspidem</strong></span> <span class='ocrx_word' id='word_1_44' title='bbox 2289 1347 2627 1457; x_wconf 90' lang='lat' dir='ltr'><strong>desuper</strong></span> <span class='ocrx_word' id='word_1_45' title='bbox 2668 1347 3053 1428; x_wconf 88' lang='lat' dir='ltr'><strong>habencia</strong></span> <span class='ocrx_word' id='word_1_46' title='bbox 3093 1348 3179 1428; x_wconf 91' lang='lat' dir='ltr'><strong>in</strong></span> <span class='ocrx_word' id='word_1_47' title='bbox 3223 1350 3542 1458; x_wconf 89' lang='lat' dir='ltr'><strong>signum</strong></span> <span class='ocrx_word' id='word_1_48' title='bbox 3579 1336 3891 1460; x_wconf 83' lang='lat' dir='ltr'><strong>tempo-</strong></span> 
     </span>
     <span class='ocr_line' id='line_1_7' title="bbox 1098 1485 3892 1585; baseline 0.001 -17"><span class='ocrx_word' id='word_1_49' title='bbox 1098 1490 1285 1568; x_wconf 84' lang='lat' dir='ltr'><strong>ralis</strong></span> <span class='ocrx_word' id='word_1_50' title='bbox 1328 1488 1771 1569; x_wconf 85' lang='lat' dir='ltr'><strong>nobilitatis</strong></span> <span class='ocrx_word' id='word_1_51' title='bbox 1811 1488 2128 1585; x_wconf 84' lang='lat' dir='ltr'><strong>amisse,</strong></span> <span class='ocrx_word' id='word_1_52' title='bbox 2181 1505 2265 1568; x_wconf 88' lang='lat' dir='ltr'><strong>et</strong></span> <span class='ocrx_word' id='word_1_53' title='bbox 2320 1486 2424 1567; x_wconf 92' lang='lat' dir='ltr'><strong>ad</strong></span> <span class='ocrx_word' id='word_1_54' title='bbox 2475 1485 3201 1570; x_wconf 83' lang='lat' dir='ltr'><strong>circumferenciam</strong></span> <span class='ocrx_word' id='word_1_55' title='bbox 3254 1485 3602 1568; x_wconf 86' lang='lat' dir='ltr'><strong>candelis</strong></span> <span class='ocrx_word' id='word_1_56' title='bbox 3646 1493 3892 1571; x_wconf 86' lang='lat' dir='ltr'><strong>cereis</strong></span> 
     </span>
     <span class='ocr_line' id='line_1_8' title="bbox 1098 1621 3891 1735; baseline 0.001 -30"><span class='ocrx_word' id='word_1_57' title='bbox 1098 1624 1562 1706; x_wconf 85' lang='lat' dir='ltr'><strong>ardentibus</strong></span> <span class='ocrx_word' id='word_1_58' title='bbox 1589 1626 1822 1734; x_wconf 89' lang='lat' dir='ltr'><strong>plena</strong></span> <span class='ocrx_word' id='word_1_59' title='bbox 1848 1623 2351 1725; x_wconf 83' lang='lat' dir='ltr'><strong>defferentes,</strong></span> <span class='ocrx_word' id='word_1_60' title='bbox 2369 1627 2682 1735; x_wconf 91' lang='lat' dir='ltr'><strong>sequuti</strong></span> <span class='ocrx_word' id='word_1_61' title='bbox 2710 1642 2921 1704; x_wconf 85' lang='lat' dir='ltr'><strong>sunt.</strong></span> <span class='ocrx_word' id='word_1_62' title='bbox 2943 1622 3141 1705; x_wconf 88' lang='lat' dir='ltr'><strong>Inde</strong></span> <span class='ocrx_word' id='word_1_63' title='bbox 3161 1622 3263 1704; x_wconf 86' lang='lat' dir='ltr'><strong>de</strong></span> <span class='ocrx_word' id='word_1_64' title='bbox 3283 1621 3531 1704; x_wconf 85' lang='lat' dir='ltr'><strong>domo</strong></span> <span class='ocrx_word' id='word_1_65' title='bbox 3556 1626 3891 1709; x_wconf 87' lang='lat' dir='ltr'><strong>Francie</strong></span> 
     </span>
     <span class='ocr_line' id='line_1_9' title="bbox 1099 1761 3891 1871; baseline 0 -29"><span class='ocrx_word' id='word_1_66' title='bbox 1099 1762 1471 1844; x_wconf 89' lang='lat' dir='ltr'><strong>dominus</strong></span> <span class='ocrx_word' id='word_1_67' title='bbox 1535 1761 1700 1842; x_wconf 86' lang='lat' dir='ltr'><strong>dux</strong></span> <span class='ocrx_word' id='word_1_68' title='bbox 1755 1764 2113 1842; x_wconf 89' lang='lat' dir='ltr'><strong>Turonie</strong></span> <span class='ocrx_word' id='word_1_69' title='bbox 2178 1762 2427 1842; x_wconf 83' lang='lat' dir='ltr'><strong>frater</strong></span> <span class='ocrx_word' id='word_1_70' title='bbox 2498 1765 2745 1871; x_wconf 89' lang='lat' dir='ltr'><strong>regis,</strong></span> <span class='ocrx_word' id='word_1_71' title='bbox 2805 1761 3207 1842; x_wconf 84' lang='lat' dir='ltr'><strong>Johannes</strong></span> <span class='ocrx_word' id='word_1_72' title='bbox 3283 1791 3545 1842; x_wconf 87' lang='lat' dir='ltr'><strong>comes</strong></span> <span class='ocrx_word' id='word_1_73' title='bbox 3615 1764 3891 1846; x_wconf 85' lang='lat' dir='ltr'><strong>Niver-</strong></span> 
     </span>
     <span class='ocr_line' id='line_1_10' title="bbox 1099 1893 3885 2008; baseline 0 -30"><span class='ocrx_word' id='word_1_74' title='bbox 1099 1900 1437 1997; x_wconf 89' lang='lat' dir='ltr'><strong>niensis,</strong></span> <span class='ocrx_word' id='word_1_75' title='bbox 1509 1899 1714 1978; x_wconf 87' lang='lat' dir='ltr'><strong>filius</strong></span> <span class='ocrx_word' id='word_1_76' title='bbox 1767 1898 1989 1979; x_wconf 90' lang='lat' dir='ltr'><strong>ducis</strong></span> <span class='ocrx_word' id='word_1_77' title='bbox 2058 1896 2556 2008; x_wconf 90' lang='lat' dir='ltr'><strong>Burgundie,</strong></span> <span class='ocrx_word' id='word_1_78' title='bbox 2614 1893 2990 1977; x_wconf 89' lang='lat' dir='ltr'><strong>dominus</strong></span> <span class='ocrx_word' id='word_1_79' title='bbox 3034 1899 3312 1977; x_wconf 80' lang='lat' dir='ltr'><strong>Petrus</strong></span> <span class='ocrx_word' id='word_1_80' title='bbox 3342 1895 3447 1977; x_wconf 87' lang='lat' dir='ltr'><strong>de</strong></span> <span class='ocrx_word' id='word_1_81' title='bbox 3490 1898 3839 1980; x_wconf 76' lang='lat' dir='ltr'><strong>Navarra</strong></span> <span class='ocrx_word' id='word_1_82' title='bbox 3866 1962 3885 1998; x_wconf 95' lang='lat'><strong>,</strong></span> 
     </span>
     <span class='ocr_line' id='line_1_11' title="bbox 1051 2033 3889 2146; baseline 0.001 -32"><span class='ocrx_word' id='word_1_83' title='bbox 1051 2120 1055 2124; x_wconf 62' lang='grc'><strong>,</strong></span> <span class='ocrx_word' id='word_1_84' title='bbox 1099 2033 1304 2116; x_wconf 88' lang='lat' dir='ltr'><strong>filius</strong></span> <span class='ocrx_word' id='word_1_85' title='bbox 1361 2037 1566 2146; x_wconf 90' lang='lat' dir='ltr'><strong>regis</strong></span> <span class='ocrx_word' id='word_1_86' title='bbox 1605 2037 1993 2135; x_wconf 86' lang='lat' dir='ltr'><strong>Navarre,</strong></span> <span class='ocrx_word' id='word_1_87' title='bbox 2049 2035 2424 2117; x_wconf 88' lang='lat' dir='ltr'><strong>dominus</strong></span> <span class='ocrx_word' id='word_1_88' title='bbox 2467 2035 2860 2116; x_wconf 70' lang='lat' dir='ltr'><strong>Hem-icus</strong></span> <span class='ocrx_word' id='word_1_89' title='bbox 2899 2033 3001 2115; x_wconf 89' lang='lat' dir='ltr'><strong>de</strong></span> <span class='ocrx_word' id='word_1_90' title='bbox 3038 2035 3278 2132; x_wconf 89' lang='lat' dir='ltr'><strong>Bar0,</strong></span> <span class='ocrx_word' id='word_1_91' title='bbox 3325 2037 3643 2144; x_wconf 79' lang='lat' dir='ltr'><strong>cognati</strong></span> <span class='ocrx_word' id='word_1_92' title='bbox 3681 2039 3889 2144; x_wconf 84' lang='lat' dir='ltr'><strong>regis</strong></span> 
     </span>
     <span class='ocr_line' id='line_1_12' title="bbox 1099 2171 3887 2287; baseline 0.001 -35"><span class='ocrx_word' id='word_1_93' title='bbox 1099 2173 1430 2254; x_wconf 88' lang='lat' dir='ltr'><strong>Francie</strong></span> <span class='ocrx_word' id='word_1_94' title='bbox 1457 2173 2019 2287; x_wconf 88' lang='lat' dir='ltr'><strong>sequebantur,</strong></span> <span class='ocrx_word' id='word_1_95' title='bbox 2062 2175 2243 2284; x_wconf 91' lang='lat' dir='ltr'><strong>qui,</strong></span> <span class='ocrx_word' id='word_1_96' title='bbox 2282 2172 2625 2254; x_wconf 89' lang='lat' dir='ltr'><strong>demisso</strong></span> <span class='ocrx_word' id='word_1_97' title='bbox 2659 2174 2880 2254; x_wconf 84' lang='lat' dir='ltr'><strong>vultu</strong></span> <span class='ocrx_word' id='word_1_98' title='bbox 2906 2234 2925 2272; x_wconf 90' lang='lat'><strong>,</strong></span> <span class='ocrx_word' id='word_1_99' title='bbox 2969 2200 3192 2252; x_wconf 89' lang='lat' dir='ltr'><strong>enses</strong></span> <span class='ocrx_word' id='word_1_100' title='bbox 3233 2171 3492 2253; x_wconf 86' lang='lat' dir='ltr'><strong>nudos</strong></span> <span class='ocrx_word' id='word_1_101' title='bbox 3531 2199 3671 2281; x_wconf 82' lang='lat' dir='ltr'><strong>per</strong></span> <span class='ocrx_word' id='word_1_102' title='bbox 3707 2199 3887 2254; x_wconf 84' lang='lat' dir='ltr'><strong>cus-</strong></span> 
     </span>
     <span class='ocr_line' id='line_1_13' title="bbox 1098 2309 3881 2421; baseline 0 -31"><span class='ocrx_word' id='word_1_103' title='bbox 1098 2309 1364 2418; x_wconf 90' lang='lat' dir='ltr'><strong>pidem</strong></span> <span class='ocrx_word' id='word_1_104' title='bbox 1436 2313 1799 2410; x_wconf 84' lang='lat' dir='ltr'><strong>ChristO,</strong></span> <span class='ocrx_word' id='word_1_105' title='bbox 1864 2343 1907 2392; x_wconf 89' lang='lat' dir='ltr'><strong>a</strong></span> <span class='ocrx_word' id='word_1_106' title='bbox 1977 2341 2139 2421; x_wconf 92' lang='lat' dir='ltr'><strong>quo</strong></span> <span class='ocrx_word' id='word_1_107' title='bbox 2194 2313 2573 2393; x_wconf 86' lang='lat' dir='ltr'><strong>victorias</strong></span> <span class='ocrx_word' id='word_1_108' title='bbox 2634 2312 2802 2421; x_wconf 88' lang='lat' dir='ltr'><strong>ejus</strong></span> <span class='ocrx_word' id='word_1_109' title='bbox 2873 2309 3309 2392; x_wconf 89' lang='lat' dir='ltr'><strong>credebant</strong></span> <span class='ocrx_word' id='word_1_110' title='bbox 3370 2311 3881 2419; x_wconf 88' lang='lat' dir='ltr'><strong>processisse,</strong></span> 
     </span>
     <span class='ocr_line' id='line_1_14' title="bbox 1096 2440 3887 2558; baseline 0 -29"><span class='ocrx_word' id='word_1_111' title='bbox 1096 2443 1550 2531; x_wconf 78' lang='lat' dir='ltr'><strong>offerendos</strong></span> <span class='ocrx_word' id='word_1_112' title='bbox 1591 2469 2121 2558; x_wconf 87' lang='lat' dir='ltr'><strong>susceperant.</strong></span> <span class='ocrx_word' id='word_1_113' title='bbox 2160 2451 2447 2530; x_wconf 83' lang='lat' dir='ltr'><strong>Tercio</strong></span> <span class='ocrx_word' id='word_1_114' title='bbox 2483 2478 2673 2529; x_wconf 85' lang='lat' dir='ltr'><strong>vero</strong></span> <span class='ocrx_word' id='word_1_115' title='bbox 2709 2446 3031 2546; x_wconf 87' lang='lat' dir='ltr'><strong>ordine,</strong></span> <span class='ocrx_word' id='word_1_116' title='bbox 3075 2440 3415 2528; x_wconf 86' lang='lat' dir='ltr'><strong>totidem</strong></span> <span class='ocrx_word' id='word_1_117' title='bbox 3462 2449 3887 2530; x_wconf 87' lang='lat' dir='ltr'><strong>astiterunt</strong></span> 
     </span>
     <span class='ocr_line' id='line_1_15' title="bbox 1094 2583 3886 2696; baseline 0 -31"><span class='ocrx_word' id='word_1_118' title='bbox 1094 2584 1198 2665; x_wconf 89' lang='lat' dir='ltr'><strong>ad</strong></span> <span class='ocrx_word' id='word_1_119' title='bbox 1239 2615 1582 2696; x_wconf 86' lang='lat' dir='ltr'><strong>unguem</strong></span> <span class='ocrx_word' id='word_1_120' title='bbox 1617 2588 1921 2667; x_wconf 87' lang='lat' dir='ltr'><strong>loricati</strong></span> <span class='ocrx_word' id='word_1_121' title='bbox 1967 2588 2072 2667; x_wconf 86' lang='lat' dir='ltr'><strong>ab</strong></span> <span class='ocrx_word' id='word_1_122' title='bbox 2110 2604 2293 2667; x_wconf 90' lang='lat' dir='ltr'><strong>octo</strong></span> <span class='ocrx_word' id='word_1_123' title='bbox 2332 2584 2821 2665; x_wconf 87' lang='lat' dir='ltr'><strong>solemnibus</strong></span> <span class='ocrx_word' id='word_1_124' title='bbox 2856 2586 3251 2667; x_wconf 82' lang='lat' dir='ltr'><strong>scutiferis</strong></span> <span class='ocrx_word' id='word_1_125' title='bbox 3277 2583 3703 2687; x_wconf 77' lang='lat' dir='ltr'><strong>conducti,</strong></span> <span class='ocrx_word' id='word_1_126' title='bbox 3746 2588 3886 2696; x_wconf 87' lang='lat' dir='ltr'><strong>qui</strong></span> 
     </span>
     <span class='ocr_line' id='line_1_16' title="bbox 1097 2723 3887 2833; baseline 0.001 -31"><span class='ocrx_word' id='word_1_127' title='bbox 1097 2724 1351 2829; x_wconf 83' lang='lat' dir='ltr'><strong>galeas</strong></span> <span class='ocrx_word' id='word_1_128' title='bbox 1388 2724 1759 2804; x_wconf 85' lang='lat' dir='ltr'><strong>manibus</strong></span> <span class='ocrx_word' id='word_1_129' title='bbox 1788 2723 2313 2822; x_wconf 81' lang='lat' dir='ltr'><strong>vectitabant3</strong></span> <span class='ocrx_word' id='word_1_130' title='bbox 2367 2752 2716 2833; x_wconf 87' lang='lat' dir='ltr'><strong>quorum</strong></span> <span class='ocrx_word' id='word_1_131' title='bbox 2741 2724 3092 2830; x_wconf 79' lang='lat' dir='ltr'><strong>vestigiis</strong></span> <span class='ocrx_word' id='word_1_132' title='bbox 3120 2723 3254 2803; x_wconf 85' lang='lat' dir='ltr'><strong>alii</strong></span> <span class='ocrx_word' id='word_1_133' title='bbox 3284 2740 3627 2831; x_wconf 86' lang='lat' dir='ltr'><strong>quatuor</strong></span> <span class='ocrx_word' id='word_1_134' title='bbox 3658 2723 3887 2804; x_wconf 85' lang='lat' dir='ltr'><strong>inhe-</strong></span> 
     </span>
     <span class='ocr_line' id='line_1_17' title="bbox 1092 2857 3884 2969; baseline 0.001 -31"><span class='ocrx_word' id='word_1_135' title='bbox 1092 2861 1378 2940; x_wconf 89' lang='lat' dir='ltr'><strong>rebant</strong></span> <span class='ocrx_word' id='word_1_136' title='bbox 1416 2862 1670 2969; x_wconf 86' lang='lat' dir='ltr'><strong>nigris</strong></span> <span class='ocrx_word' id='word_1_137' title='bbox 1698 2857 2047 2943; x_wconf 85' lang='lat' dir='ltr'><strong>vestibus</strong></span> <span class='ocrx_word' id='word_1_138' title='bbox 2101 2859 2363 2942; x_wconf 88' lang='lat' dir='ltr'><strong>induti</strong></span> <span class='ocrx_word' id='word_1_139' title='bbox 2404 2890 2582 2941; x_wconf 87' lang='lat' dir='ltr'><strong>cum</strong></span> <span class='ocrx_word' id='word_1_140' title='bbox 2621 2860 2928 2940; x_wconf 79' lang='lat' dir='ltr'><strong>vexillis</strong></span> <span class='ocrx_word' id='word_1_141' title='bbox 2967 2857 3381 2968; x_wconf 79' lang='lat' dir='ltr'><strong>deplicatis</strong></span> <span class='ocrx_word' id='word_1_142' title='bbox 3418 2858 3519 2941; x_wconf 85' lang='lat' dir='ltr'><strong>ad</strong></span> <span class='ocrx_word' id='word_1_143' title='bbox 3562 2859 3884 2968; x_wconf 84' lang='lat' dir='ltr'><strong>signum</strong></span> 
     </span>
     <span class='ocr_line' id='line_1_18' title="bbox 1094 2995 3881 3109; baseline 0.001 -33"><span class='ocrx_word' id='word_1_144' title='bbox 1094 2998 1354 3107; x_wconf 87' lang='lat' dir='ltr'><strong>aquile</strong></span> <span class='ocrx_word' id='word_1_145' title='bbox 1414 3002 1645 3108; x_wconf 86' lang='lat' dir='ltr'><strong>nigre</strong></span> <span class='ocrx_word' id='word_1_146' title='bbox 1700 3002 2038 3082; x_wconf 81' lang='lat' dir='ltr'><strong>volantis</strong></span> <span class='ocrx_word' id='word_1_147' title='bbox 2087 3005 2176 3083; x_wconf 91' lang='lat' dir='ltr'><strong>in</strong></span> <span class='ocrx_word' id='word_1_148' title='bbox 2227 3026 2514 3109; x_wconf 87' lang='lat' dir='ltr'><strong>campo</strong></span> <span class='ocrx_word' id='word_1_149' title='bbox 2573 3016 2975 3108; x_wconf 76' lang='lat' dir='ltr'><strong>argenteo,</strong></span> <span class='ocrx_word' id='word_1_150' title='bbox 3021 2995 3124 3077; x_wconf 86' lang='lat' dir='ltr'><strong>Et</strong></span> <span class='ocrx_word' id='word_1_151' title='bbox 3163 2997 3278 3077; x_wconf 89' lang='lat' dir='ltr'><strong>hii</strong></span> <span class='ocrx_word' id='word_1_152' title='bbox 3326 3025 3602 3079; x_wconf 86' lang='lat' dir='ltr'><strong>omnes</strong></span> <span class='ocrx_word' id='word_1_153' title='bbox 3662 2998 3881 3080; x_wconf 78' lang='lat' dir='ltr'><strong>lento</strong></span> 
     </span>
     <span class='ocr_line' id='line_1_19' title="bbox 1024 3134 3881 3246; baseline 0.001 -34"><span class='ocrx_word' id='word_1_154' title='bbox 1024 3146 1043 3153; x_wconf 76' lang='grc'><em>“</em></span> <span class='ocrx_word' id='word_1_155' title='bbox 1091 3162 1359 3241; x_wconf 90' lang='lat' dir='ltr'><strong>gressu</strong></span> <span class='ocrx_word' id='word_1_156' title='bbox 1408 3155 1690 3218; x_wconf 90' lang='lat' dir='ltr'><strong>mutuo</strong></span> <span class='ocrx_word' id='word_1_157' title='bbox 1721 3136 2265 3237; x_wconf 79' lang='lat' dir='ltr'><strong>succedenteS,</strong></span> <span class='ocrx_word' id='word_1_158' title='bbox 2315 3136 2540 3217; x_wconf 79' lang='lat' dir='ltr'><strong>flexis</strong></span> <span class='ocrx_word' id='word_1_159' title='bbox 2571 3136 2908 3246; x_wconf 90' lang='lat' dir='ltr'><strong>genibus</strong></span> <span class='ocrx_word' id='word_1_160' title='bbox 2945 3163 3164 3215; x_wconf 89' lang='lat' dir='ltr'><strong>arma</strong></span> <span class='ocrx_word' id='word_1_161' title='bbox 3201 3134 3598 3243; x_wconf 78' lang='lat' dir='ltr'><strong>descripta</strong></span> <span class='ocrx_word' id='word_1_162' title='bbox 3642 3164 3881 3245; x_wconf 84' lang='lat' dir='ltr'><strong>super</strong></span> 
     </span>
     <span class='ocr_line' id='line_1_20' title="bbox 1093 3272 3879 3372; baseline 0.002 -23"><span class='ocrx_word' id='word_1_163' title='bbox 1093 3272 1371 3371; x_wconf 90' lang='lat' dir='ltr'><strong>altare,</strong></span> <span class='ocrx_word' id='word_1_164' title='bbox 1427 3303 1610 3355; x_wconf 88' lang='lat' dir='ltr'><strong>cum</strong></span> <span class='ocrx_word' id='word_1_165' title='bbox 1669 3277 1940 3357; x_wconf 90' lang='lat' dir='ltr'><strong>osculo</strong></span> <span class='ocrx_word' id='word_1_166' title='bbox 2008 3303 2388 3355; x_wconf 88' lang='lat' dir='ltr'><strong>manuum</strong></span> <span class='ocrx_word' id='word_1_167' title='bbox 2438 3273 2943 3372; x_wconf 86' lang='lat' dir='ltr'><strong>celebrantis,</strong></span> <span class='ocrx_word' id='word_1_168' title='bbox 2995 3273 3402 3354; x_wconf 89' lang='lat' dir='ltr'><strong>humiliter</strong></span> <span class='ocrx_word' id='word_1_169' title='bbox 3451 3293 3531 3355; x_wconf 90' lang='lat' dir='ltr'><strong>et</strong></span> <span class='ocrx_word' id='word_1_170' title='bbox 3600 3272 3879 3357; x_wconf 84' lang='lat' dir='ltr'><strong>devote</strong></span> 
     </span>
     <span class='ocr_line' id='line_1_21' title="bbox 1091 3398 1991 3490; baseline 0.01 -4"><span class='ocrx_word' id='word_1_171' title='bbox 1091 3407 1577 3490; x_wconf 89' lang='lat' dir='ltr'><strong>obtulerunt.</strong></span> <span class='ocrx_word' id='word_1_172' title='bbox 1986 3398 1991 3407; x_wconf 43' lang='lat'><strong>⁴</strong></span> 
     </span>
    </p>

    <p class='ocr_par' dir='ltr' id='par_1_3' title="bbox 1072 3547 3879 4899">
     <span class='ocr_line' id='line_1_22' title="bbox 1201 3547 3879 3659; baseline 0.002 -32"><span class='ocrx_word' id='word_1_173' title='bbox 1201 3547 1585 3649; x_wconf 87' lang='lat' dir='ltr'><strong>Quamvis</strong></span> <span class='ocrx_word' id='word_1_174' title='bbox 1631 3550 2059 3629; x_wconf 89' lang='lat' dir='ltr'><strong>cerimonie</strong></span> <span class='ocrx_word' id='word_1_175' title='bbox 2111 3565 2462 3657; x_wconf 90' lang='lat' dir='ltr'><strong>pretacte</strong></span> <span class='ocrx_word' id='word_1_176' title='bbox 2518 3562 2975 3639; x_wconf 86' lang='lat' dir='ltr'><strong>communes</strong></span> <span class='ocrx_word' id='word_1_177' title='bbox 3011 3550 3115 3629; x_wconf 83' lang='lat' dir='ltr'><strong>in</strong></span> <span class='ocrx_word' id='word_1_178' title='bbox 3175 3551 3601 3659; x_wconf 90' lang='lat' dir='ltr'><strong>sepulturis</strong></span> <span class='ocrx_word' id='word_1_179' title='bbox 3646 3550 3879 3632; x_wconf 79' lang='lat' dir='ltr'><strong>baro·</strong></span> 
     </span>
     <span class='ocr_line' id='line_1_23' title="bbox 1084 3686 3874 3798; baseline 0.001 -32"><span class='ocrx_word' id='word_1_180' title='bbox 1084 3715 1281 3767; x_wconf 86' lang='lat' dir='ltr'><strong>num</strong></span> <span class='ocrx_word' id='word_1_181' title='bbox 1308 3706 1389 3768; x_wconf 88' lang='lat' dir='ltr'><strong>et</strong></span> <span class='ocrx_word' id='word_1_182' title='bbox 1436 3687 1898 3794; x_wconf 87' lang='lat' dir='ltr'><strong>principum</strong></span> <span class='ocrx_word' id='word_1_183' title='bbox 1944 3703 2239 3784; x_wconf 87' lang='lat' dir='ltr'><strong>essent,</strong></span> <span class='ocrx_word' id='word_1_184' title='bbox 2282 3703 2686 3793; x_wconf 89' lang='lat' dir='ltr'><strong>presentes</strong></span> <span class='ocrx_word' id='word_1_185' title='bbox 2719 3704 2984 3766; x_wconf 89' lang='lat' dir='ltr'><strong>tamen</strong></span> <span class='ocrx_word' id='word_1_186' title='bbox 3026 3686 3318 3769; x_wconf 88' lang='lat' dir='ltr'><strong>milites</strong></span> <span class='ocrx_word' id='word_1_187' title='bbox 3369 3705 3449 3768; x_wconf 92' lang='lat' dir='ltr'><strong>et</strong></span> <span class='ocrx_word' id='word_1_188' title='bbox 3499 3690 3874 3798; x_wconf 87' lang='lat' dir='ltr'><strong>armigeri</strong></span> 
     </span>
     <span class='ocr_line' id='line_1_24' title="bbox 1084 3812 3871 3933; baseline 0.001 -29"><span class='ocrx_word' id='word_1_189' title='bbox 1084 3825 1572 3905; x_wconf 77' lang='lat' dir='ltr'><strong>unanimiter</strong></span> <span class='ocrx_word' id='word_1_190' title='bbox 1610 3822 1985 3905; x_wconf 78' lang='lat' dir='ltr'><strong>dicebant</strong></span> <span class='ocrx_word' id='word_1_191' title='bbox 2020 3850 2235 3904; x_wconf 88' lang='lat' dir='ltr'><strong>nunc</strong></span> <span class='ocrx_word' id='word_1_192' title='bbox 2273 3825 2562 3904; x_wconf 84' lang='lat' dir='ltr'><strong>merito</strong></span> <span class='ocrx_word' id='word_1_193' title='bbox 2598 3823 3120 3933; x_wconf 76' lang='lat' dir='ltr'><strong>peragendaS,</strong></span> <span class='ocrx_word' id='word_1_194' title='bbox 3161 3843 3244 3906; x_wconf 86' lang='lat' dir='ltr'><strong>et</strong></span> <span class='ocrx_word' id='word_1_195' title='bbox 3282 3852 3448 3905; x_wconf 86' lang='lat' dir='ltr'><strong>non</strong></span> <span class='ocrx_word' id='word_1_196' title='bbox 3479 3812 3651 3905; x_wconf 80' lang='lat' dir='ltr'><strong>sine</strong></span> <span class='ocrx_word' id='word_1_197' title='bbox 3679 3828 3871 3908; x_wconf 79' lang='lat' dir='ltr'><strong>mis-</strong></span> 
     </span>
     <span class='ocr_line' id='line_1_25' title="bbox 1080 3961 3870 4073; baseline 0.001 -32"><span class='ocrx_word' id='word_1_198' title='bbox 1080 3964 1292 4041; x_wconf 77' lang='lat' dir='ltr'><strong>terio</strong></span> <span class='ocrx_word' id='word_1_199' title='bbox 1314 4024 1333 4060; x_wconf 95' lang='lat'><strong>,</strong></span> <span class='ocrx_word' id='word_1_200' title='bbox 1365 3984 1548 4042; x_wconf 81' lang='lat' dir='ltr'><strong>cum</strong></span> <span class='ocrx_word' id='word_1_201' title='bbox 1584 3964 1857 4042; x_wconf 76' lang='lat' dir='ltr'><strong>vivens</strong></span> <span class='ocrx_word' id='word_1_202' title='bbox 1887 3984 2055 4043; x_wconf 85' lang='lat' dir='ltr'><strong>non</strong></span> <span class='ocrx_word' id='word_1_203' title='bbox 2084 3965 2458 4042; x_wconf 83' lang='lat' dir='ltr'><strong>existeret</strong></span> <span class='ocrx_word' id='word_1_204' title='bbox 2481 3978 2805 4041; x_wconf 86' lang='lat' dir='ltr'><strong>mortuo</strong></span> <span class='ocrx_word' id='word_1_205' title='bbox 2843 3961 3462 4070; x_wconf 78' lang='lat' dir='ltr'><strong>comparandus,</strong></span> <span class='ocrx_word' id='word_1_206' title='bbox 3493 3965 3635 4073; x_wconf 90' lang='lat' dir='ltr'><strong>qui</strong></span> <span class='ocrx_word' id='word_1_207' title='bbox 3676 3966 3870 4044; x_wconf 84' lang='lat' dir='ltr'><strong>insi—</strong></span> 
     </span>
     <span class='ocr_line' id='line_1_26' title="bbox 1087 4098 3870 4212; baseline 0.002 -34"><span class='ocrx_word' id='word_1_208' title='bbox 1087 4101 1270 4208; x_wconf 89' lang='lat' dir='ltr'><strong>gnia</strong></span> <span class='ocrx_word' id='word_1_209' title='bbox 1310 4098 1678 4182; x_wconf 86' lang='lat' dir='ltr'><strong>militaria</strong></span> <span class='ocrx_word' id='word_1_210' title='bbox 1727 4100 1991 4180; x_wconf 85' lang='lat' dir='ltr'><strong>oblata</strong></span> <span class='ocrx_word' id='word_1_211' title='bbox 2026 4117 2189 4179; x_wconf 88' lang='lat' dir='ltr'><strong>tam</strong></span> <span class='ocrx_word' id='word_1_212' title='bbox 2217 4104 2590 4208; x_wconf 79' lang='lat' dir='ltr'><strong>potenter</strong></span> <span class='ocrx_word' id='word_1_213' title='bbox 2633 4117 2953 4212; x_wconf 80' lang='lat' dir='ltr'><strong>tamque</strong></span> <span class='ocrx_word' id='word_1_214' title='bbox 2986 4116 3307 4181; x_wconf 78' lang='lat' dir='ltr'><strong>strenue</strong></span> <span class='ocrx_word' id='word_1_215' title='bbox 3341 4100 3554 4182; x_wconf 80' lang='lat' dir='ltr'><strong>ferre</strong></span> <span class='ocrx_word' id='word_1_216' title='bbox 3604 4120 3870 4210; x_wconf 78' lang='lat' dir='ltr'><strong>posset</strong></span> 
     </span>
     <span class='ocr_line' id='line_1_27' title="bbox 1083 4237 3867 4350; baseline 0.001 -33"><span class='ocrx_word' id='word_1_217' title='bbox 1083 4237 1184 4318; x_wconf 90' lang='lat' dir='ltr'><strong>ad</strong></span> <span class='ocrx_word' id='word_1_218' title='bbox 1229 4240 1456 4347; x_wconf 89' lang='lat' dir='ltr'><strong>regni</strong></span> <span class='ocrx_word' id='word_1_219' title='bbox 1502 4237 2010 4319; x_wconf 83' lang='lat' dir='ltr'><strong>commodum</strong></span> <span class='ocrx_word' id='word_1_220' title='bbox 2052 4255 2132 4317; x_wconf 87' lang='lat' dir='ltr'><strong>et</strong></span> <span class='ocrx_word' id='word_1_221' title='bbox 2184 4238 2746 4317; x_wconf 83' lang='lat' dir='ltr'><strong>exterminium</strong></span> <span class='ocrx_word' id='word_1_222' title='bbox 2801 4238 3344 4348; x_wconf 84' lang='lat' dir='ltr'><strong>Anglieorum.</strong></span> <span class='ocrx_word' id='word_1_223' title='bbox 3401 4239 3580 4319; x_wconf 86' lang='lat' dir='ltr'><strong>Hiis</strong></span> <span class='ocrx_word' id='word_1_224' title='bbox 3625 4240 3867 4350; x_wconf 87' lang='lat' dir='ltr'><strong>igitur</strong></span> 
     </span>
     <span class='ocr_line' id='line_1_28' title="bbox 1079 4372 3865 4482; baseline 0 -26"><span class='ocrx_word' id='word_1_225' title='bbox 1079 4404 1304 4457; x_wconf 89' lang='lat' dir='ltr'><strong>more</strong></span> <span class='ocrx_word' id='word_1_226' title='bbox 1340 4374 1672 4456; x_wconf 90' lang='lat' dir='ltr'><strong>solemni</strong></span> <span class='ocrx_word' id='word_1_227' title='bbox 1705 4375 2085 4482; x_wconf 89' lang='lat' dir='ltr'><strong>peractis,</strong></span> <span class='ocrx_word' id='word_1_228' title='bbox 2119 4376 2542 4481; x_wconf 89' lang='lat' dir='ltr'><strong>episcopus</strong></span> <span class='ocrx_word' id='word_1_229' title='bbox 2576 4391 2760 4455; x_wconf 89' lang='lat' dir='ltr'><strong>ante</strong></span> <span class='ocrx_word' id='word_1_230' title='bbox 2802 4377 3165 4455; x_wconf 88' lang='lat' dir='ltr'><strong>martires</strong></span> <span class='ocrx_word' id='word_1_231' title='bbox 3208 4372 3600 4474; x_wconf 88' lang='lat' dir='ltr'><strong>ascendit,</strong></span> <span class='ocrx_word' id='word_1_232' title='bbox 3643 4395 3722 4457; x_wconf 85' lang='lat' dir='ltr'><strong>et</strong></span> <span class='ocrx_word' id='word_1_233' title='bbox 3763 4374 3865 4457; x_wconf 86' lang='lat' dir='ltr'><strong>ad</strong></span> 
     </span>
     <span class='ocr_line' id='line_1_29' title="bbox 1078 4509 3866 4623; baseline 0 -29"><span class='ocrx_word' id='word_1_234' title='bbox 1078 4511 1859 4595; x_wconf 86' lang='lat' dir='ltr'><strong>commendacionem</strong></span> <span class='ocrx_word' id='word_1_235' title='bbox 1902 4509 2325 4607; x_wconf 80' lang='lat' dir='ltr'><strong>deffuncti,</strong></span> <span class='ocrx_word' id='word_1_236' title='bbox 2370 4510 2853 4592; x_wconf 77' lang='lat' dir='ltr'><strong>Nominatus</strong></span> <span class='ocrx_word' id='word_1_237' title='bbox 2904 4531 3020 4592; x_wconf 81' lang='lat' dir='ltr'><strong>est</strong></span> <span class='ocrx_word' id='word_1_238' title='bbox 3058 4543 3301 4623; x_wconf 78' lang='lat' dir='ltr'><strong>usque</strong></span> <span class='ocrx_word' id='word_1_239' title='bbox 3354 4512 3469 4595; x_wconf 85' lang='lat' dir='ltr'><strong>ad</strong></span> <span class='ocrx_word' id='word_1_240' title='bbox 3512 4528 3866 4595; x_wconf 75' lang='lat' dir='ltr'><strong>extrema</strong></span> 
     </span>
     <span class='ocr_line' id='line_1_30' title="bbox 1076 4649 3865 4761; baseline 0.001 -30"><span class='ocrx_word' id='word_1_241' title='bbox 1076 4670 1277 4733; x_wconf 78' lang='lat' dir='ltr'><strong>terre</strong></span> <span class='ocrx_word' id='word_1_242' title='bbox 1315 4680 1468 4761; x_wconf 88' lang='lat' dir='ltr'><strong>pro</strong></span> <span class='ocrx_word' id='word_1_243' title='bbox 1502 4650 1851 4731; x_wconf 84' lang='lat' dir='ltr'><strong>themate</strong></span> <span class='ocrx_word' id='word_1_244' title='bbox 1880 4649 2274 4757; x_wconf 88' lang='lat' dir='ltr'><strong>accipiens</strong></span> <span class='ocrx_word' id='word_1_245' title='bbox 2297 4711 2317 4747; x_wconf 93' lang='lat'><strong>,</strong></span> <span class='ocrx_word' id='word_1_246' title='bbox 2360 4650 2804 4731; x_wconf 87' lang='lat' dir='ltr'><strong>laboriosos</strong></span> <span class='ocrx_word' id='word_1_247' title='bbox 2843 4669 3064 4735; x_wconf 87' lang='lat' dir='ltr'><strong>actus</strong></span> <span class='ocrx_word' id='word_1_248' title='bbox 3103 4681 3483 4733; x_wconf 87' lang='lat' dir='ltr'><strong>enarrans</strong></span> <span class='ocrx_word' id='word_1_249' title='bbox 3532 4672 3612 4734; x_wconf 91' lang='lat' dir='ltr'><strong>et</strong></span> <span class='ocrx_word' id='word_1_250' title='bbox 3661 4651 3865 4733; x_wconf 86' lang='lat' dir='ltr'><strong>mili-</strong></span> 
     </span>
     <span class='ocr_line' id='line_1_31' title="bbox 1072 4784 3860 4899; baseline 0.001 -30"><span class='ocrx_word' id='word_1_251' title='bbox 1072 4806 1277 4869; x_wconf 78' lang='lat' dir='ltr'><strong>tares</strong></span> <span class='ocrx_word' id='word_1_252' title='bbox 1337 4788 1825 4896; x_wconf 84' lang='lat' dir='ltr'><strong>triumphos,</strong></span> <span class='ocrx_word' id='word_1_253' title='bbox 1896 4784 2263 4867; x_wconf 88' lang='lat' dir='ltr'><strong>eumdem</strong></span> <span class='ocrx_word' id='word_1_254' title='bbox 2348 4786 2632 4867; x_wconf 88' lang='lat' dir='ltr'><strong>florem</strong></span> <span class='ocrx_word' id='word_1_255' title='bbox 2689 4788 2976 4870; x_wconf 79' lang='lat' dir='ltr'><strong>milicie</strong></span> <span class='ocrx_word' id='word_1_256' title='bbox 3033 4790 3413 4898; x_wconf 81' lang='lat' dir='ltr'><strong>gallicane</strong></span> <span class='ocrx_word' id='word_1_257' title='bbox 3467 4809 3550 4873; x_wconf 91' lang='lat' dir='ltr'><strong>et</strong></span> <span class='ocrx_word' id='word_1_258' title='bbox 3603 4791 3860 4899; x_wconf 83' lang='lat' dir='ltr'><strong>splen—</strong></span> 
     </span>
    </p>
   </div>
  </div>
 </body>
</html>
