4666 6014
1088 638 1232 710 592
1557 625 2241 706 CHRONICORUM
2293 627 2650 704 KAROLI
2700 624 2988 704 81:2le
3037 625 3215 704 LIB.
3271 623 3376 704 X.

1078 787 1409 865 minime
1461 779 2148 892 correspondebat
2169 842 2188 880 ,
2252 778 2370 859 ibi
2427 773 2747 862 modica
2796 806 3023 876 mora
3075 777 3283 859 facta
3348 775 3870 878 reducuntur,

1081 941 1172 1001 ut
1202 920 1452 1030 quieti
1496 918 2028 1028 indulgerent.

1192 1058 1700 1162 Illucescente
1738 1083 2065 1155 aurora,
2120 1056 2584 1136 futurorum
2638 1046 2985 1167 militum
3038 1035 3414 1135 ductores
3455 1057 3870 1165 prenomi-

1079 1198 1288 1292 nati,
1349 1192 1452 1274 ad
1500 1194 1907 1274 ecclesiam
1968 1189 2430 1274 accedentes
2445 1255 2465 1292 ,
2512 1158 3051 1274 adolescentes
3119 1193 3382 1302 regios
3422 1210 3870 1300 prostratos

1079 1351 1266 1412 ante
1304 1334 1646 1442 pignora
1702 1331 2122 1409 martirum
2182 1349 2718 1411 sacrosancta
2741 1345 3251 1440 repererunt3
3307 1358 3512 1443 quos
3560 1328 3663 1410 ad
3719 1329 3871 1410 do·-

1078 1497 1301 1553 mum
1355 1468 1819 1549 reducentes
1837 1530 1856 1568 ,
1917 1485 2333 1577 expectare
2387 1471 2809 1548 missarum
2868 1469 3251 1549 solemnia
3309 1487 3862 1578 preceperunt.

1079 1610 1253 1688 Hec'
1324 1603 1721 1719 siqu-idem
1789 1603 2166 1685 dominus
2233 1606 2602 1686 Ferricus
2659 1604 3084 1686 Cassiuelli
3142 1604 3868 1687 Autissiodorensis

1081 1746 1498 1854 episcopus
1551 1771 1730 1823 cum
1766 1741 2198 1822 venerabili
2231 1759 2630 1824 conventu
2674 1742 3135 1822 monasterii
3183 1742 3655 1824 celebranda
3695 1774 3865 1824 sus-

1086 1899 1442 1992 ceperat,
1507 1855 1600 1960 ut
1671 1907 1873 1959 nove
1940 1875 2227 1959 milicie
2286 1877 2627 1987 insignia
2694 1873 3039 1959 sanctius
3099 1879 3680 1961 conferrentur.
3741 1877 3868 1960 Ad

1080 2016 1298 2128 quod
1359 1999 1611 2097 eciam‘
1663 2011 2078 2096 decencius
2133 2011 2672 2124 peragendum
2694 2076 2715 2113 ,
2776 2042 2915 2094 rex
2979 2015 3066 2093 in
3130 2015 3404 2114 brevi,
3472 2015 3867 2097 nobilium

1077 2155 1407 2236 vallatus
1448 2150 2003 2249 multitudine,
2073 2150 2173 2231 ad
2230 2151 2632 2231 ecclesiam
2674 2151 2785 2231 sic
2829 2152 3244 2259 pervenit.
3265 2127 3460 2252 Duo
3521 2182 3866 2264 namque

1027 2345 1044 2367 .
1078 2291 1475 2399 armigeri,
1518 2290 1879 2397 corporis
1916 2290 1987 2397 ej
1996 2317 2088 2368 us
2138 2286 2507 2369 custodes
2538 2290 2941 2397 precipui,
2975 2292 3445 2398 evaginatos
3468 2301 3693 2374 enses
3724 2320 3869 2400 per

1079 2424 1489 2536 cuspidem
1565 2425 2083 2524 defferentes,
2156 2425 2242 2504 in
2309 2415 2654 2534 quorum
2710 2426 3162 2508 summitate
3230 2426 3560 2507 calcaria
3632 2456 3866 2509 aurea

1080 2562 1683 2672 dependebant,
1753 2590 1896 2669 per
1968 2562 2290 2641 claustri
2362 2578 2692 2668 portam
2758 2563 3157 2661 ecclesiam
3231 2581 3420 2644 sunt
3485 2566 3865 2674 ingressi3

1078 2728 1281 2811 quos
1326 2728 1463 2780 rex
1505 2700 1752 2807 longo
1791 2715 1870 2778 et
1907 2698 2150 2806 regali
2206 2698 2582 2806 epitogio
2612 2697 2973 2797 indutus,
3016 2728 3107 2780 ac
3162 2699 3671 2807 postmodum
3724 2729 3864 2782 rex

1079 2837 1344 2918 Sicilie
1388 2866 1566 2917 cum
1620 2836 1905 2935 fratre,
1961 2834 2246 2954 ordine
2298 2863 2460 2945 quo
2511 2836 2776 2943 prius,
2844 2823 3425 2956 sequebantur.
3460 2839 3621 2940 Qui
3685 2868 3866 2920 cum

1081 2973 1184 3054 ad
1236 2974 1481 3054 altare
1539 2973 1951 3053 martirum
2017 2975 2596 3081 pervenissent,
2654 3003 2745 3056 ac
2805 2973 3104 3057 ibidem
3168 2975 3481 3085 reginas
3534 2957 3867 3061 Francie

1080 3131 1161 3193 et
1216 3110 1477 3191 Sicilie
1530 3139 1621 3191 ac
1665 3128 2099 3191 ceterarum
2161 3109 2740 3192 dominarum
2719 3114 3029 3220 insigne
3070 3112 3683 3194 contubernium
3736 3145 3867 3196 ex-

1078 3263 1523 3356 pectassent
1545 3306 1565 3344 ,
1615 3244 1950 3354 jubente
1999 3275 2220 3355 rege,
2271 3248 2508 3331 missa
2559 3248 2934 3329 solemnis
2981 3247 3083 3330 de
3134 3248 3535 3332 dominica
3572 3252 3866 3333 scilicet

1079 3383 1673 3464 Misericordia-5·
1704 3384 2052 3478 Domini,
2100 3401 2191 3463 ut
2231 3385 2312 3465 in
2354 3384 2558 3465 festo
2599 3383 2941 3493 duplici,
2985 3386 3431 3469 inchoatur.

1194 3521 1372 3600 Hoc
1439 3520 1802 3628 peracte,
1863 3520 2281 3629 episcopus
2341 3521 2708 3626 protinus
2777 3548 3042 3631 regem
3105 3518 3303 3604 adiit
3325 3584 3346 3621 ,
3408 3541 3489 3603 et
3552 3527 3639 3603 in
3694 3527 3865 3633 ejus

1078 3660 1483 3767 presencia
1517 3656 1756 3736 ambo
1804 3632 2333 3741 adolescentes
2386 3656 2609 3737 flexis
2650 3659 2983 3767 genibus
3034 3660 3445 3767 pecierunt
3495 3678 3585 3740 ut
3640 3678 3862 3779 tyro-

1079 3822 1272 3874 num
1317 3793 1915 3874 ascriberentur
1938 3822 2296 3873 numero.
2343 3795 2504 3896 Qui
2553 3824 2729 3875 cum
2783 3795 2888 3876 ab
2936 3796 3047 3876 eis
3079 3796 3615 3904 juramentum
3674 3799 3857 3879 soli-

1079 3947 1249 4013 tum
1270 3930 1676 4041 exegisset,
1700 3958 1834 4012 eos
1868 3931 2179 4012 noviter
2206 3932 2550 4012 accinxit
2582 3933 2903 4015 baltheo
2931 3933 3289 4031 militari,
3322 3948 3402 4017 et
3434 3962 3577 4044 per
3609 3934 3865 4023 domi-

1079 4098 1273 4151 num
1326 4068 1426 4149 de
1452 4069 1996 4179 Chauviniaco
2034 4069 2474 4163 calcaribus
2514 4069 2910 4153 deauratis
2963 4099 3097 4153 eos
3138 4073 3402 4181 jussit
3414 4102 3550 4154 rex
3608 4075 3864 4156 Karo-

1077 4205 1200 4285 lus
1239 4207 1630 4316 insigniri.
1675 4207 1769 4286 In
1820 4207 1975 4287 hoc
2014 4223 2226 4287 statu
2252 4269 2271 4307 ‚
2316 4210 2564 4318 prius,
2595 4226 2858 4289 tamen
2909 4206 3442 4318 abepiscopo
3494 4210 3862 4294 benedic-

1077 4345 1298 4427 tione
1347 4361 1720 4457 percepta
1745 4404 1765 4442 ,
1834 4346 1920 4423 in·
1979 4345 2239 4425 aulam
2298 4346 2592 4454 regiam
2651 4342 3179 4445 reducuntur-3
3225 4346 3366 4427 ubi
3431 4377 3610 4428 cum
3671 4377 3854 4458 rege

1075 4479 1505 4591 prandium
1546 4498 1627 4560 et
1657 4508 1928 4561 cenam
1972 4501 2479 4597 acceperunt,
2511 4458 2955 4593 *utriusque
2992 4511 3220 4563 sexus
3263 4501 3580 4565 evocata
3625 4484 3855 4567 nobi-

1071 4617 1292 4699 litate
1350 4617 1806 4715 assistente,
1850 4645 2003 4727 que
2063 4617 2576 4757 ineffabiliter
2622 4617 3131 4731 congaudens
3170 4650 3349 4704 cum
3403 4624 3688 4704 mimis
3718 4626 3855 4704 tri-

1073 4752 1483 4877 pudiando
1514 4752 2032 4868 pernoctavit.
