4666 6014
1110 668 1254 746 '432
1582 668 2266 747 CHRONICORUM
2314 670 2670 745 KAROLI
2721 670 3012 745 SEXTI·
3052 675 3227 747 LIB.
3281 673 3406 746 111.

1112 828 1606 931 assequimur.
1679 820 1935 933 Ipsius
2000 822 2474 901 auctoritate
2534 848 2703 903 non
2769 821 3168 902 'diuturna
3207 804 3664 903 immunitas
3735 850 3892 929 per

1110 954 1394 1035 urbem
1420 942 1641 1035 *voce
1682 958 2059 1065 preconia
2111 936 2591 1067 publicatur.
2643 956 2886 1059 Qu‘od
2937 956 3264 1069 quidem
3308 957 3823 1038 ridiculosum
3849 962 3875 1002 ¹

1111 1090 1467 1203 quamvis
1499 1089 2069 1201 prudenciores
2102 1094 2203 1175 ad
2247 1076 2496 1186 risum
2525 1098 2812 1175 merito
2853 1113 3390 1204 provocasset,
3430 1091 3697 1175 tamen
3739 1094 3880 1175 ab·

1105 1229 1718 1341 jectissimorum
1754 1228 2178 1359 hominum
2229 1222 2838 1317 innumerabilis
2882 1230 3311 1313 multitudo
3345 1222 3454 1311 ⁴ad
3493 1234 3676 1311 eum
3720 1234 3880 1311 cito

1110 1367 1496 1463 accurrit,
1546 1383 1671 1447 et
1691 1364 1971 1463 sedens
2016 1390 2182 1476 pro
2225 1370 2608 1453 tribunali
2666 1366 2944 1448 audire
3006 1342 3368 1449 omnium
3407 1352 3904 1478 oppiniones

1116 1519 1434 1583 coactus
1469 1519 1609 1581 est.
1660 1500 1744 1580 Si
1787 1504 1965 1613 quis
2002 1498 2335 1616 aliquod
2376 1490 2684 1586 facinus
2721 1500 2997 1587 animo
3043 1506 3534 1613 concepisset
3579 1520 3664 1583 et
3705 1531 3886 1583 eum

991 1702 999 1709 .
1115 1636 1670 1736 consuluisset,
1710 1614 1907 1723 iuud'
1951 1641 2386 1748 cogebatur
2431 1636 2650 1723 metii
2677 1642 2958 1721 mortis
2992 1641 3441 1750 approbare
3468 1658 3548 1720 et
3574 1637 3883 1719 dicere.

1119 1808 1159 1851 <c
1186 1775 1401 1872 Fiat,
1433 1773 1601 1852 fiat.
1618 1808 1673 1849 >a
1708 1770 1943 1855 Unde
1984 1805 2157 1859 ιιοιι
2187 1777 2732 1877 audac1a,sed
2765 1777 2991 1859 ferali
3022 1778 3245 1856 rabie
3275 1779 3584 1884 agitati,
3627 1778 3890 1856 insur-

1119 1928 1387 2016 gentes
1442 1912 1529 1991 in
1586 1930 1998 1993 exactores
2057 1914 2374 2022 regios,
2423 1944 2557 1995 eos
2617 1916 2987 2025 nequiter
3054 1910 3554 2011 occiderunt,
3613 1940 3889 1993 eorum

1117 2072 1352 2125 omne
1383 2020 1727 2128 mobile
1694 2067 2127 2161 ⁷,tanquam
2156 2050 2826 2132 irracionabiliter
2858 2067 3217 2159 partum,
3253 2047 3718 2131 dividentes.

1224 2146 1693 2292 Perpetrato
1759 2201 1840 2263 et
1896 2187 2388 2297 approbato
2424 2174 2808 2286 scelere,
2821 2188 3348 2294 permissione
3410 2214 3571 2296 qua
3627 2186 3887 2293 prim,

1114 2317 1382 2399 mnltis
1431 2317 1803 2426 dampnis
1842 2338 1929 2399 et
1980 2324 2573 2429 gravaminibus
2631 2324 2821 2404 viris
2851 2310 3411 2403 ‘ecclesiasticis
3457 2321 3729 2419 illatis,
3789 2319 3889 2399 ad

1111 2473 1471 2537 sanctum
1525 2454 2002 2554 Audoenum
2066 2450 2523 2541 accedentes
2545 2460 2592 2558 ,'
2632 2463 3015 2572 quoniam
3077 2438 3426 2567 religiosi
3481 2458 3890 2565 privilegia

1111 2591 1629 2673 contra“cives
1648 2592 2169 2677 ‘observantes
2194 2588 2649 2706 judicialem
2672 2597 3191 2679 obtinuerant
3217 2597 3726 2692 sentenciam,
3757 2622 3893 2672 ne-

1114 2725 1641 2835 phandissimi
1675 2731 1831 2807 viri
1874 2747 1954 2811 et
1992 2728 2264 2811 divina
2301 2730 2986 2825 animadversione
3025 2721 3316 2839 digni,
3371 2731 3660 2810 turrim
3704 2729 3895 2807 Car-

1108 2882 1377 2942 tarum
1409 2863 1861 2945 violenter
1824 2869 2214 2972 angressi,
2262 2868 2671 2976 privilegia
2712 2840 3182 2963 distrahunt
3224 2882 3306 2997 et
3339 2864 3889 2973 disrumpunt,

1116 2998 1556 3107 dampnum
1588 3002 1865 3110 utique
1909 3001 2427 3109 irreparabile
2451 3000 3048 3113 perpetrando,
3095 3005 3252 3084 nisi
3282 3032 3435 3112 ma]
3421 3004 3647 3082 estas
3677 3003 3892 3108 regia

1092 3131 1248 3220 ,illa
1290 3133 1805 3246 postmodum
1846 3135 2420 3220 confirmasset.
2447 3137 2757 3218 Eodem
2805 3168 3124 3249 quoque
3147 3140 3507 3246 impetu,
3559 3166 3727 3217 non
3759 3166 3891 3217 ve-

1116 3289 1379 3351 rentes
1446 3270 1857 3354 offendere
1911 3276 2212 3392 regiam
2267 3265 2796 3386 majestate-m,
2848 3274 2951 3355 ad
3010 3274 3608 3356 destructionen
3656 3277 3893 3354 castri

1116 3409 1284 3518 ejus
1320 3437 1510 3516 gens
1558 3407 1846 3488 stolida
1888 3423 1971 3489 et
1994 3395 2335 3492 ⁴inarmis
2371 3415 2401 3456 ²
2448 3413 2693 3493 flectit
2735 3411 2928 3509 iter,
2967 3431 3122 3523 que
3153 3431 3419 3492 tamen
3459 3411 3562 3490 ab
3592 3412 3892 3491 intror-

1118 3521 1290 3626 sum
1324 3546 1827 3628 manentibus
1864 3548 2177 3630 viribus
2210 3550 2525 3659 repulsa
2565 3550 2719 3634 fuit
2737 3611 2756 3649 ,
2787 3548 3193 3632 nonnullis
3235 3549 3459 3658 prius
3502 3548 3776 3627 occisis
3815 3564 3893 3625 et

1117 3681 1454 3790 lemlitet·
1488 3681 1947 3766 vulneratis.

1216 3816 1367 3896 'Sic
1435 3822 1942 3918 temerarium
2009 3851 2287 3904 ausum
2343 3824 2838 3933 malignandi
2897 3851 3065 3904 non
3136 3822 3392 3902 solum
3453 3819 3663 3898 Roth
3672 3844 3893 3895 oma-

1120 3953 1421 4064 gensis
1462 3953 1601 4033 sed
1632 3955 1798 4037 sere
1836 3945 2052 4038 totus
2078 3953 2432 4070 populus
2471 3963 2805 4042 Francie
2833 3975 3384 4069 assumpserat,
3419 3984 3566 4035 nec
3595 3955 3892 4032 minori

1119 4088 1569 4196 agitabatur
1594 4090 1840 4190 furia,
1884 4112 1997 4192 et,
2036 4113 2129 4174 ut
2156 4077 2369 4182 ‘fania
2409 4099 2731 4208 publica
2761 4098 3204 4194 referebat,
3224 4123 3368 4203 per
3397 4091 3853 4197 Flamingos
3874 4151 3891 4186 ‚

1118 4226 1258 4335 qui
1314 4243 1532 4334 peste
1589 4228 1865 4308 similis
1924 4231 2382 4315 rebellionis
2444 4234 2957 4332 laborabant,
3022 4229 3335 4311 nunciis
3396 4245 3476 4308 et
3534 4225 3894 4335 apicibus

1119 4343 1554 4462 excitatus,
1630 4368 2033 4477 exemplo
2054 4398 2373 4481 quoque
2427 4345 2923 4481 Anglorum,
2990 4370 3128 4479 qui
3191 4364 3471 4445 eodem
3539 4373 3896 4471 tempore

1122 4514 1403 4578 contra
1443 4529 1709 4607 regem
1754 4521 1832 4581 et
1874 4519 2280 4616 magnates
2324 4511 2551 4617 regni
2597 4506 3106 4603 rebellanteS,
3149 4521 3329 4588 cum
3366 4505 3583 4611 ipsos
3622 4497 3895 4605 fugere

1124 4635 1725 4748 compulissent,
1775 4641 2035 4747 regale
2074 4635 2469 4752 'palacium
2515 4646 2795 4746 armati
2819 4633 3361 4748 introierunt,
3413 4657 3492 4718 et
3545 4640 3633 4716 in
3689 4635 3894 4743 regis

1200 4832 1213 4854 ¹
1261 4828 1397 4883 Var.
1425 4850 1441 4881 e
1466 4838 1532 4883 11⁹
1556 4827 1721 4904 5960,
1748 4830 1847 4902 fol,
1862 4835 1938 4902 ko
1957 4854 2030 4906 v.,
2056 4837 2368 4896 ridiculum.
2620 4850 2639 4874 ⁸
2686 4840 2830 4896 ναν.
2847 4864 2860 4891 .·
2879 4853 2943 4895 11⁶
2967 4834 3137 4911 5960,
3163 4831 3261 4889 fol.
3292 4835 3360 4898 40
3386 4849 3460 4900 v.,
3487 4827 3773 4884 inhermis.
