<?xml version="1.0" encoding="UTF-8"?>
<!DOCTYPE html PUBLIC "-//W3C//DTD XHTML 1.0 Transitional//EN"
    "http://www.w3.org/TR/xhtml1/DTD/xhtml1-transitional.dtd">
<html xmlns="http://www.w3.org/1999/xhtml" xml:lang="en" lang="en">
 <head>
  <title>
</title>
<meta http-equiv="Content-Type" content="text/html;charset=utf-8" />
  <meta name='ocr-system' content='tesseract 3.04.00' />
  <meta name='ocr-capabilities' content='ocr_page ocr_carea ocr_par ocr_line ocrx_word'/>
</head>
<body>
  <div class='ocr_page' id='page_1' title='image "./chroniquedureli00frangoog_0230.png"; bbox 0 0 4666 6014; ppageno 0'>
   <div class='ocr_carea' id='block_1_1' title="bbox 1068 638 3379 715">
    <p class='ocr_par' dir='ltr' id='par_1_1' title="bbox 1068 638 3379 715">
     <span class='ocr_line' id='line_1_1' title="bbox 1068 638 3379 715; baseline -0.001 -1"><span class='ocrx_word' id='word_1_1' title='bbox 1068 644 1211 715; x_wconf 79' lang='lat'><strong>206</strong></span> <span class='ocrx_word' id='word_1_2' title='bbox 1539 638 2225 713; x_wconf 84' lang='lat' dir='ltr'>CHRONICORUM</span> <span class='ocrx_word' id='word_1_3' title='bbox 2273 639 2632 714; x_wconf 71' lang='lat' dir='ltr'><strong>KAROIJ</strong></span> <span class='ocrx_word' id='word_1_4' title='bbox 2683 638 2967 714; x_wconf 74' lang='lat' dir='ltr'><strong>SEXTI</strong></span> <span class='ocrx_word' id='word_1_5' title='bbox 3017 641 3195 714; x_wconf 78' lang='lat' dir='ltr'><strong>Lm.</strong></span> <span class='ocrx_word' id='word_1_6' title='bbox 3247 642 3379 714; x_wconf 87' lang='lat'><em>111.</em></span> 
     </span>
    </p>
   </div>
   <div class='ocr_carea' id='block_1_2' title="bbox 1065 785 3861 2688">
    <p class='ocr_par' dir='ltr' id='par_1_2' title="bbox 1065 785 3861 2688">
     <span class='ocr_line' id='line_1_2' title="bbox 1070 785 3861 898; baseline 0.003 -36"><span class='ocrx_word' id='word_1_7' title='bbox 1070 824 1106 862; x_wconf 74' lang='lat' dir='ltr'><strong>&lt;c</strong></span> <span class='ocrx_word' id='word_1_8' title='bbox 1139 787 1523 869; x_wconf 81' lang='lat' dir='ltr'><strong>diendum</strong></span> <span class='ocrx_word' id='word_1_9' title='bbox 1562 786 1926 869; x_wconf 88' lang='lat' dir='ltr'><strong>arduum.</strong></span> <span class='ocrx_word' id='word_1_10' title='bbox 1970 787 2219 898; x_wconf 77' lang='lat' dir='ltr'><strong>Multa</strong></span> <span class='ocrx_word' id='word_1_11' title='bbox 2253 787 2353 869; x_wconf 90' lang='lat' dir='ltr'><strong>de</strong></span> <span class='ocrx_word' id='word_1_12' title='bbox 2385 819 2673 898; x_wconf 84' lang='lat' dir='ltr'><strong>genere</strong></span> <span class='ocrx_word' id='word_1_13' title='bbox 2697 790 2883 869; x_wconf 92' lang='lat' dir='ltr'><strong>belli</strong></span> <span class='ocrx_word' id='word_1_14' title='bbox 2915 789 3448 887; x_wconf 87' lang='lat' dir='ltr'><strong>Gallicorum,</strong></span> <span class='ocrx_word' id='word_1_15' title='bbox 3481 785 3861 869; x_wconf 55' lang='lat' dir='ltr'><strong>multa‘de</strong></span> 
     </span>
     <span class='ocr_line' id='line_1_3' title="bbox 1070 926 3860 1038; baseline 0.003 -39"><span class='ocrx_word' id='word_1_16' title='bbox 1070 961 1107 1000; x_wconf 78' lang='lat' dir='ltr'><strong>&lt;c</strong></span> <span class='ocrx_word' id='word_1_17' title='bbox 1142 929 1490 1035; x_wconf 87' lang='lat' dir='ltr'><strong>presenti</strong></span> <span class='ocrx_word' id='word_1_18' title='bbox 1556 951 1834 1004; x_wconf 84' lang='lat' dir='ltr'><strong>eorum</strong></span> <span class='ocrx_word' id='word_1_19' title='bbox 1871 937 2302 1035; x_wconf 68' lang='lat' dir='ltr'><strong>apparatu,</strong></span> <span class='ocrx_word' id='word_1_20' title='bbox 2354 955 2555 1007; x_wconf 88' lang='lat' dir='ltr'><strong>vana</strong></span> <span class='ocrx_word' id='word_1_21' title='bbox 2606 930 2859 1036; x_wconf 86' lang='lat' dir='ltr'><strong>magis</strong></span> <span class='ocrx_word' id='word_1_22' title='bbox 2914 930 3175 1033; x_wconf 87' lang='lat' dir='ltr'><strong>specie</strong></span> <span class='ocrx_word' id='word_1_23' title='bbox 3213 955 3454 1038; x_wconf 84' lang='lat' dir='ltr'><strong>quam</strong></span> <span class='ocrx_word' id='word_1_24' title='bbox 3508 926 3860 1007; x_wconf 78' lang='lat' dir='ltr'><strong>efficacia</strong></span> 
     </span>
     <span class='ocr_line' id='line_1_4' title="bbox 1069 1063 3860 1173; baseline 0.003 -36"><span class='ocrx_word' id='word_1_25' title='bbox 1069 1097 1106 1137; x_wconf 72' lang='lat' dir='ltr'><strong>&lt;c</strong></span> <span class='ocrx_word' id='word_1_26' title='bbox 1137 1063 1236 1142; x_wconf 83' lang='lat' dir='ltr'><strong>ad</strong></span> <span class='ocrx_word' id='word_1_27' title='bbox 1291 1080 1660 1170; x_wconf 86' lang='lat' dir='ltr'><strong>eventum</strong></span> <span class='ocrx_word' id='word_1_28' title='bbox 1680 1125 1698 1161; x_wconf 91' lang='lat'><strong>,</strong></span> <span class='ocrx_word' id='word_1_29' title='bbox 1773 1092 2085 1170; x_wconf 85' lang='lat' dir='ltr'><strong>possem</strong></span> <span class='ocrx_word' id='word_1_30' title='bbox 2148 1063 2557 1145; x_wconf 81' lang='lat' dir='ltr'><strong>disserere.</strong></span> <span class='ocrx_word' id='word_1_31' title='bbox 2626 1065 2836 1143; x_wconf 89' lang='lat' dir='ltr'><strong>Nam</strong></span> <span class='ocrx_word' id='word_1_32' title='bbox 2906 1066 3109 1143; x_wconf 89' lang='lat' dir='ltr'><strong>acies</strong></span> <span class='ocrx_word' id='word_1_33' title='bbox 3173 1091 3452 1143; x_wconf 89' lang='lat' dir='ltr'><strong>eorum</strong></span> <span class='ocrx_word' id='word_1_34' title='bbox 3517 1063 3860 1173; x_wconf 84' lang='lat' dir='ltr'><strong>fulgebit</strong></span> 
     </span>
     <span class='ocr_line' id='line_1_5' title="bbox 1071 1183 3856 1315; baseline 0.003 -43"><span class='ocrx_word' id='word_1_35' title='bbox 1071 1235 1106 1272; x_wconf 71' lang='lat' dir='ltr'><strong>&lt;c</strong></span> <span class='ocrx_word' id='word_1_36' title='bbox 1140 1229 1370 1298; x_wconf 87' lang='lat' dir='ltr'><strong>aur0,</strong></span> <span class='ocrx_word' id='word_1_37' title='bbox 1414 1219 1749 1308; x_wconf 88' lang='lat' dir='ltr'><strong>argento</strong></span> <span class='ocrx_word' id='word_1_38' title='bbox 1777 1263 1794 1297; x_wconf 89' lang='lat'><strong>,</strong></span> <span class='ocrx_word' id='word_1_39' title='bbox 1843 1203 2187 1280; x_wconf 84' lang='lat' dir='ltr'><strong>cristatis</strong></span> <span class='ocrx_word' id='word_1_40' title='bbox 2227 1231 2550 1314; x_wconf 82' lang='lat' dir='ltr'><strong>quoque</strong></span> <span class='ocrx_word' id='word_1_41' title='bbox 2585 1197 2860 1310; x_wconf 83' lang='lat' dir='ltr'><strong>galeis3</strong></span> <span class='ocrx_word' id='word_1_42' title='bbox 2910 1202 3179 1315; x_wconf 65' lang='lat' dir='ltr'><strong>tunice</strong></span> <span class='ocrx_word' id='word_1_43' title='bbox 3232 1183 3528 1280; x_wconf 72' lang='lat' dir='ltr'><strong>auratis</strong></span> <span class='ocrx_word' id='word_1_44' title='bbox 3578 1202 3856 1294; x_wconf 53' lang='lat' dir='ltr'><strong>militi-</strong></span> 
     </span>
     <span class='ocr_line' id='line_1_6' title="bbox 1067 1337 3855 1447; baseline -0.001 -27"><span class='ocrx_word' id='word_1_45' title='bbox 1067 1372 1104 1410; x_wconf 87' lang='lat'>«</span> <span class='ocrx_word' id='word_1_46' title='bbox 1134 1337 1288 1420; x_wconf 86' lang='lat' dir='ltr'><strong>bus</strong></span> <span class='ocrx_word' id='word_1_47' title='bbox 1318 1337 1831 1418; x_wconf 84' lang='lat' dir='ltr'><strong>versicolores</strong></span> <span class='ocrx_word' id='word_1_48' title='bbox 1874 1357 2142 1436; x_wconf 80' lang='lat' dir='ltr'><strong>erunt3</strong></span> <span class='ocrx_word' id='word_1_49' title='bbox 2189 1358 2433 1430; x_wconf 83' lang='lat' dir='ltr'><strong>notus</strong></span> <span class='ocrx_word' id='word_1_50' title='bbox 2474 1339 2704 1420; x_wconf 83' lang='lat' dir='ltr'><strong>vobis</strong></span> <span class='ocrx_word' id='word_1_51' title='bbox 2733 1358 2854 1419; x_wconf 86' lang='lat' dir='ltr'><strong>est</strong></span> <span class='ocrx_word' id='word_1_52' title='bbox 2901 1337 3044 1417; x_wconf 89' lang='lat' dir='ltr'><strong>diu</strong></span> <span class='ocrx_word' id='word_1_53' title='bbox 3083 1339 3219 1418; x_wconf 88' lang='lat' dir='ltr'><strong>hic</strong></span> <span class='ocrx_word' id='word_1_54' title='bbox 3251 1340 3690 1447; x_wconf 83' lang='lat' dir='ltr'><strong>insignium</strong></span> <span class='ocrx_word' id='word_1_55' title='bbox 3727 1368 3855 1419; x_wconf 84' lang='lat' dir='ltr'><strong>ar-</strong></span> 
     </span>
     <span class='ocr_line' id='line_1_7' title="bbox 1068 1455 3858 1585; baseline 0.004 -36"><span class='ocrx_word' id='word_1_56' title='bbox 1068 1511 1105 1549; x_wconf 81' lang='lat'>«</span> <span class='ocrx_word' id='word_1_57' title='bbox 1138 1505 1456 1555; x_wconf 84' lang='lat' dir='ltr'><strong>morum</strong></span> <span class='ocrx_word' id='word_1_58' title='bbox 1488 1455 1948 1585; x_wconf 80' lang='lat' dir='ltr'><strong>apparatus,</strong></span> <span class='ocrx_word' id='word_1_59' title='bbox 1987 1494 2068 1556; x_wconf 90' lang='lat' dir='ltr'><strong>et</strong></span> <span class='ocrx_word' id='word_1_60' title='bbox 2098 1475 2290 1555; x_wconf 88' lang='lat' dir='ltr'><strong>inde</strong></span> <span class='ocrx_word' id='word_1_61' title='bbox 2317 1505 2489 1556; x_wconf 93' lang='lat' dir='ltr'><strong>non</strong></span> <span class='ocrx_word' id='word_1_62' title='bbox 2518 1474 2909 1557; x_wconf 82' lang='lat' dir='ltr'><strong>horrendi</strong></span> <span class='ocrx_word' id='word_1_63' title='bbox 2941 1494 3155 1556; x_wconf 82' lang='lat' dir='ltr'><strong>sunt.</strong></span> <span class='ocrx_word' id='word_1_64' title='bbox 3178 1479 3299 1555; x_wconf 87' lang='lat' dir='ltr'><strong>De</strong></span> <span class='ocrx_word' id='word_1_65' title='bbox 3326 1476 3483 1556; x_wconf 91' lang='lat' dir='ltr'><strong>hiis</strong></span> <span class='ocrx_word' id='word_1_66' title='bbox 3517 1476 3858 1585; x_wconf 74' lang='lat' dir='ltr'><strong>amplius</strong></span> 
     </span>
     <span class='ocr_line' id='line_1_8' title="bbox 1065 1611 3860 1724; baseline 0.003 -39"><span class='ocrx_word' id='word_1_67' title='bbox 1065 1647 1102 1685; x_wconf 70' lang='lat' dir='ltr'><strong>r&lt;</strong></span> <span class='ocrx_word' id='word_1_68' title='bbox 1135 1613 1250 1691; x_wconf 85' lang='lat' dir='ltr'><strong>nil</strong></span> <span class='ocrx_word' id='word_1_69' title='bbox 1302 1614 1613 1692; x_wconf 86' lang='lat' dir='ltr'><strong>habetis</strong></span> <span class='ocrx_word' id='word_1_70' title='bbox 1662 1612 2132 1710; x_wconf 80' lang='lat' dir='ltr'><strong>formidare,</strong></span> <span class='ocrx_word' id='word_1_71' title='bbox 2194 1616 2351 1692; x_wconf 88' lang='lat' dir='ltr'><strong>nisi</strong></span> <span class='ocrx_word' id='word_1_72' title='bbox 2408 1611 2653 1724; x_wconf 69' lang='lat' dir='ltr'><strong>quod,</strong></span> <span class='ocrx_word' id='word_1_73' title='bbox 2684 1612 2788 1693; x_wconf 87' lang='lat' dir='ltr'><strong>ad</strong></span> <span class='ocrx_word' id='word_1_74' title='bbox 2845 1615 3245 1721; x_wconf 84' lang='lat' dir='ltr'><strong>ignaviam</strong></span> <span class='ocrx_word' id='word_1_75' title='bbox 3304 1613 3667 1720; x_wconf 85' lang='lat' dir='ltr'><strong>impulsi,</strong></span> <span class='ocrx_word' id='word_1_76' title='bbox 3721 1633 3860 1694; x_wconf 88' lang='lat' dir='ltr'><strong>aut</strong></span> 
     </span>
     <span class='ocr_line' id='line_1_9' title="bbox 1068 1748 3860 1858; baseline 0 -28"><span class='ocrx_word' id='word_1_77' title='bbox 1068 1751 1505 1830; x_wconf 79' lang='lat' dir='ltr'><strong>«labentur</strong></span> <span class='ocrx_word' id='word_1_78' title='bbox 1557 1752 1783 1858; x_wconf 82' lang='lat' dir='ltr'><strong>fuga,</strong></span> <span class='ocrx_word' id='word_1_79' title='bbox 1854 1765 1990 1829; x_wconf 83' lang='lat' dir='ltr'><strong>aut</strong></span> <span class='ocrx_word' id='word_1_80' title='bbox 2056 1767 2455 1830; x_wconf 79' lang='lat' dir='ltr'><strong>certamen</strong></span> <span class='ocrx_word' id='word_1_81' title='bbox 2516 1750 2960 1831; x_wconf 85' lang='lat' dir='ltr'><strong>detrectent</strong></span> <span class='ocrx_word' id='word_1_82' title='bbox 3019 1752 3283 1834; x_wconf 83' lang='lat' dir='ltr'><strong>territi</strong></span> <span class='ocrx_word' id='word_1_83' title='bbox 3345 1748 3860 1832; x_wconf 83' lang='lat' dir='ltr'><strong>multitudine</strong></span> 
     </span>
     <span class='ocr_line' id='line_1_10' title="bbox 1069 1885 3859 2000; baseline 0.003 -39"><span class='ocrx_word' id='word_1_84' title='bbox 1069 1925 1103 1961; x_wconf 72' lang='lat' dir='ltr'><strong>c&lt;</strong></span> <span class='ocrx_word' id='word_1_85' title='bbox 1135 1907 1425 1986; x_wconf 86' lang='lat' dir='ltr'><strong>vestra,</strong></span> <span class='ocrx_word' id='word_1_86' title='bbox 1468 1919 1624 2000; x_wconf 88' lang='lat' dir='ltr'><strong>qua</strong></span> <span class='ocrx_word' id='word_1_87' title='bbox 1660 1885 1943 1997; x_wconf 88' lang='lat' dir='ltr'><strong>procul</strong></span> <span class='ocrx_word' id='word_1_88' title='bbox 1987 1887 2237 1968; x_wconf 89' lang='lat' dir='ltr'><strong>dubio</strong></span> <span class='ocrx_word' id='word_1_89' title='bbox 2279 1917 2562 1970; x_wconf 89' lang='lat' dir='ltr'><strong>eorum</strong></span> <span class='ocrx_word' id='word_1_90' title='bbox 2597 1891 2825 1997; x_wconf 79' lang='lat' dir='ltr'><strong>copie</strong></span> <span class='ocrx_word' id='word_1_91' title='bbox 2878 1885 3570 1970; x_wconf 75' lang='lat' dir='ltr'><strong>circumveniendo</strong></span> <span class='ocrx_word' id='word_1_92' title='bbox 3621 1910 3859 1975; x_wconf 87' lang='lat' dir='ltr'><strong>erunt</strong></span> 
     </span>
     <span class='ocr_line' id='line_1_11' title="bbox 1068 2001 3853 2136; baseline 0.003 -37"><span class='ocrx_word' id='word_1_93' title='bbox 1068 2061 1104 2099; x_wconf 75' lang='lat' dir='ltr'><strong>&lt;c</strong></span> <span class='ocrx_word' id='word_1_94' title='bbox 1140 2025 1239 2107; x_wconf 94' lang='lat' dir='ltr'><strong>de</strong></span> <span class='ocrx_word' id='word_1_95' title='bbox 1276 2027 1514 2108; x_wconf 78' lang='lat' dir='ltr'><strong>facili.</strong></span> <span class='ocrx_word' id='word_1_96' title='bbox 1563 2027 2064 2135; x_wconf 81' lang='lat' dir='ltr'><strong>Experimini</strong></span> <span class='ocrx_word' id='word_1_97' title='bbox 2106 2055 2299 2136; x_wconf 85' lang='lat' dir='ltr'><strong>ergo</strong></span> <span class='ocrx_word' id='word_1_98' title='bbox 2343 2026 2588 2107; x_wconf 91' lang='lat' dir='ltr'><strong>modo</strong></span> <span class='ocrx_word' id='word_1_99' title='bbox 2652 2046 2745 2109; x_wconf 89' lang='lat' dir='ltr'><strong>ut</strong></span> <span class='ocrx_word' id='word_1_100' title='bbox 2799 2027 2899 2108; x_wconf 90' lang='lat' dir='ltr'><strong>ad</strong></span> <span class='ocrx_word' id='word_1_101' title='bbox 2955 2025 3416 2108; x_wconf 80' lang='lat' dir='ltr'><strong>felicitatem</strong></span> <span class='ocrx_word' id='word_1_102' title='bbox 3469 2001 3853 2127; x_wconf 80' lang='lat' dir='ltr'><strong>vestram,</strong></span> 
     </span>
     <span class='ocr_line' id='line_1_12' title="bbox 1068 2145 3855 2277; baseline 0.004 -41"><span class='ocrx_word' id='word_1_103' title='bbox 1068 2198 1104 2236; x_wconf 76' lang='lat' dir='ltr'><strong>&lt;c</strong></span> <span class='ocrx_word' id='word_1_104' title='bbox 1137 2191 1262 2244; x_wconf 90' lang='lat' dir='ltr'><strong>me</strong></span> <span class='ocrx_word' id='word_1_105' title='bbox 1299 2145 1537 2261; x_wconf 86' lang='lat' dir='ltr'><strong>duce,</strong></span> <span class='ocrx_word' id='word_1_106' title='bbox 1582 2182 1820 2272; x_wconf 85' lang='lat' dir='ltr'><strong>caput</strong></span> <span class='ocrx_word' id='word_1_107' title='bbox 1859 2165 2136 2244; x_wconf 87' lang='lat' dir='ltr'><strong>tollere</strong></span> <span class='ocrx_word' id='word_1_108' title='bbox 2197 2166 2545 2274; x_wconf 88' lang='lat' dir='ltr'><strong>possitis.</strong></span> <span class='ocrx_word' id='word_1_109' title='bbox 2593 2165 2687 2243; x_wconf 90' lang='lat' dir='ltr'><strong>In</strong></span> <span class='ocrx_word' id='word_1_110' title='bbox 2722 2194 3080 2274; x_wconf 87' lang='lat' dir='ltr'><strong>agressu,</strong></span> <span class='ocrx_word' id='word_1_111' title='bbox 3131 2184 3427 2276; x_wconf 89' lang='lat' dir='ltr'><strong>quanta</strong></span> <span class='ocrx_word' id='word_1_112' title='bbox 3472 2163 3855 2277; x_wconf 77' lang='lat' dir='ltr'><strong>cujusque</strong></span> 
     </span>
     <span class='ocr_line' id='line_1_13' title="bbox 1067 2299 3852 2412; baseline 0.003 -38"><span class='ocrx_word' id='word_1_113' title='bbox 1067 2336 1102 2374; x_wconf 83' lang='lat'><strong>‹&lt;</strong></span> <span class='ocrx_word' id='word_1_114' title='bbox 1136 2305 1405 2384; x_wconf 87' lang='lat' dir='ltr'><strong>animo</strong></span> <span class='ocrx_word' id='word_1_115' title='bbox 1443 2299 1770 2381; x_wconf 86' lang='lat' dir='ltr'><strong>audacia</strong></span> <span class='ocrx_word' id='word_1_116' title='bbox 1798 2304 2044 2401; x_wconf 87' lang='lat' dir='ltr'><strong>inest,</strong></span> <span class='ocrx_word' id='word_1_117' title='bbox 2079 2321 2273 2382; x_wconf 85' lang='lat' dir='ltr'><strong>tunc</strong></span> <span class='ocrx_word' id='word_1_118' title='bbox 2307 2321 2614 2411; x_wconf 53' lang='lat' dir='ltr'><strong>pateam</strong></span> <span class='ocrx_word' id='word_1_119' title='bbox 2657 2305 2769 2382; x_wconf 90' lang='lat' dir='ltr'><strong>sic</strong></span> <span class='ocrx_word' id='word_1_120' title='bbox 2806 2303 3281 2384; x_wconf 88' lang='lat' dir='ltr'><strong>obtinebitis</strong></span> <span class='ocrx_word' id='word_1_121' title='bbox 3326 2303 3852 2412; x_wconf 87' lang='lat' dir='ltr'><strong>triumphum.</strong></span> 
     </span>
     <span class='ocr_line' id='line_1_14' title="bbox 1066 2420 3857 2553; baseline 0.004 -42"><span class='ocrx_word' id='word_1_122' title='bbox 1066 2475 1102 2512; x_wconf 84' lang='lat'>«</span> <span class='ocrx_word' id='word_1_123' title='bbox 1134 2440 1216 2518; x_wconf 93' lang='lat' dir='ltr'><strong>Si</strong></span> <span class='ocrx_word' id='word_1_124' title='bbox 1247 2469 1426 2548; x_wconf 85' lang='lat' dir='ltr'><strong>spes</strong></span> <span class='ocrx_word' id='word_1_125' title='bbox 1448 2440 1693 2539; x_wconf 82' lang='lat' dir='ltr'><strong>fallat,</strong></span> <span class='ocrx_word' id='word_1_126' title='bbox 1725 2467 1851 2520; x_wconf 88' lang='lat' dir='ltr'><strong>me</strong></span> <span class='ocrx_word' id='word_1_127' title='bbox 1882 2465 2281 2552; x_wconf 80' lang='lat' dir='ltr'><strong>nusquam</strong></span> <span class='ocrx_word' id='word_1_128' title='bbox 2313 2441 2603 2551; x_wconf 82' lang='lat' dir='ltr'><strong>aliquis</strong></span> <span class='ocrx_word' id='word_1_129' title='bbox 2624 2458 2976 2524; x_wconf 75' lang='lat' dir='ltr'><strong>vestrum</strong></span> <span class='ocrx_word' id='word_1_130' title='bbox 3008 2458 3411 2553; x_wconf 83' lang='lat' dir='ltr'><strong>sequatur,</strong></span> <span class='ocrx_word' id='word_1_131' title='bbox 3439 2460 3524 2523; x_wconf 83' lang='lat' dir='ltr'><strong>et</strong></span> <span class='ocrx_word' id='word_1_132' title='bbox 3552 2420 3857 2524; x_wconf 73' lang='lat' dir='ltr'><strong>cunctis</strong></span> 
     </span>
     <span class='ocr_line' id='line_1_15' title="bbox 1066 2575 2630 2688; baseline 0.002 -40"><span class='ocrx_word' id='word_1_133' title='bbox 1066 2611 1103 2648; x_wconf 60' lang='grc' dir='ltr'><strong>α</strong></span> <span class='ocrx_word' id='word_1_134' title='bbox 1135 2575 1590 2656; x_wconf 79' lang='lat' dir='ltr'><strong>adinventis</strong></span> <span class='ocrx_word' id='word_1_135' title='bbox 1627 2578 2044 2686; x_wconf 88' lang='lat' dir='ltr'><strong>suppliciis</strong></span> <span class='ocrx_word' id='word_1_136' title='bbox 2080 2578 2554 2688; x_wconf 74' lang='lat' dir='ltr'><strong>subjaceam.</strong></span> <span class='ocrx_word' id='word_1_137' title='bbox 2594 2613 2630 2651; x_wconf 79' lang='lat'>»</span> 
     </span>
    </p>
   </div>
   <div class='ocr_carea' id='block_1_3' title="bbox 1062 3216 3859 4710">
    <p class='ocr_par' dir='ltr' id='par_1_3' title="bbox 1062 3216 3859 4710">
     <span class='ocr_line' id='line_1_16' title="bbox 1178 3216 3858 3334; baseline 0.001 -35"><span class='ocrx_word' id='word_1_138' title='bbox 1178 3222 1308 3300; x_wconf 84' lang='lat' dir='ltr'><strong>Sic</strong></span> <span class='ocrx_word' id='word_1_139' title='bbox 1334 3216 1818 3309; x_wconf 80' lang='lat' dir='ltr'><strong>indomitum</strong></span> <span class='ocrx_word' id='word_1_140' title='bbox 1848 3223 2172 3305; x_wconf 83' lang='lat' dir='ltr'><strong>fortune</strong></span> <span class='ocrx_word' id='word_1_141' title='bbox 2203 3243 2443 3331; x_wconf 82' lang='lat' dir='ltr'><strong>caput</strong></span> <span class='ocrx_word' id='word_1_142' title='bbox 2475 3250 2619 3307; x_wconf 88' lang='lat' dir='ltr'><strong>suo</strong></span> <span class='ocrx_word' id='word_1_143' title='bbox 2652 3225 3174 3305; x_wconf 78' lang='lat' dir='ltr'><strong>substernans</strong></span> <span class='ocrx_word' id='word_1_144' title='bbox 3204 3222 3603 3315; x_wconf 87' lang='lat' dir='ltr'><strong>desiderio</strong></span> <span class='ocrx_word' id='word_1_145' title='bbox 3624 3289 3642 3324; x_wconf 87' lang='lat'><strong>,</strong></span> <span class='ocrx_word' id='word_1_146' title='bbox 3683 3252 3858 3334; x_wconf 85' lang='lat' dir='ltr'><strong>pre-</strong></span> 
     </span>
     <span class='ocr_line' id='line_1_17' title="bbox 1066 3358 3859 3470; baseline 0.001 -32"><span class='ocrx_word' id='word_1_147' title='bbox 1066 3362 1276 3469; x_wconf 91' lang='lat' dir='ltr'><strong>cepit</strong></span> <span class='ocrx_word' id='word_1_148' title='bbox 1311 3377 1436 3457; x_wconf 87' lang='lat' dir='ltr'><strong>ut,</strong></span> <span class='ocrx_word' id='word_1_149' title='bbox 1482 3359 1810 3439; x_wconf 87' lang='lat' dir='ltr'><strong>obtenta</strong></span> <span class='ocrx_word' id='word_1_150' title='bbox 1837 3360 2174 3442; x_wconf 83' lang='lat' dir='ltr'><strong>victoria</strong></span> <span class='ocrx_word' id='word_1_151' title='bbox 2196 3424 2213 3459; x_wconf 90' lang='lat'><strong>,</strong></span> <span class='ocrx_word' id='word_1_152' title='bbox 2255 3360 2521 3442; x_wconf 86' lang='lat' dir='ltr'><strong>nullus</strong></span> <span class='ocrx_word' id='word_1_153' title='bbox 2557 3359 2659 3441; x_wconf 91' lang='lat' dir='ltr'><strong>ad</strong></span> <span class='ocrx_word' id='word_1_154' title='bbox 2698 3360 3203 3442; x_wconf 86' lang='lat' dir='ltr'><strong>dedicionem</strong></span> <span class='ocrx_word' id='word_1_155' title='bbox 3236 3381 3674 3470; x_wconf 84' lang='lat' dir='ltr'><strong>caperetur,</strong></span> <span class='ocrx_word' id='word_1_156' title='bbox 3716 3358 3859 3440; x_wconf 79' lang='lat' dir='ltr'><strong>sed¹</strong></span> 
     </span>
     <span class='ocr_line' id='line_1_18' title="bbox 1065 3480 3854 3612; baseline 0.001 -37"><span class='ocrx_word' id='word_1_157' title='bbox 1065 3499 1239 3577; x_wconf 88' lang='lat' dir='ltr'><strong>neci</strong></span> <span class='ocrx_word' id='word_1_158' title='bbox 1283 3480 1666 3591; x_wconf 71' lang='lat' dir='ltr'><strong>darer‘itur</strong></span> <span class='ocrx_word' id='word_1_159' title='bbox 1701 3526 2015 3596; x_wconf 89' lang='lat' dir='ltr'><strong>omnes,</strong></span> <span class='ocrx_word' id='word_1_160' title='bbox 2060 3497 2457 3579; x_wconf 87' lang='lat' dir='ltr'><strong>duntaxat</strong></span> <span class='ocrx_word' id='word_1_161' title='bbox 2501 3519 2836 3609; x_wconf 81' lang='lat' dir='ltr'><strong>excepto</strong></span> <span class='ocrx_word' id='word_1_162' title='bbox 2877 3529 3099 3608; x_wconf 87' lang='lat' dir='ltr'><strong>rege,</strong></span> <span class='ocrx_word' id='word_1_163' title='bbox 3142 3502 3321 3612; x_wconf 86' lang='lat' dir='ltr'><strong>qui,</strong></span> <span class='ocrx_word' id='word_1_164' title='bbox 3367 3502 3432 3578; x_wconf 91' lang='lat' dir='ltr'><strong>si</strong></span> <span class='ocrx_word' id='word_1_165' title='bbox 3482 3502 3564 3576; x_wconf 89' lang='lat' dir='ltr'><strong>in</strong></span> <span class='ocrx_word' id='word_1_166' title='bbox 3599 3499 3854 3605; x_wconf 88' lang='lat' dir='ltr'><strong>prelio</strong></span> 
     </span>
     <span class='ocr_line' id='line_1_19' title="bbox 1066 3611 3857 3745; baseline 0 -32"><span class='ocrx_word' id='word_1_167' title='bbox 1066 3663 1389 3741; x_wconf 78' lang='lat' dir='ltr'><strong>presens</strong></span> <span class='ocrx_word' id='word_1_168' title='bbox 1428 3611 1631 3715; x_wconf 82' lang='lat' dir='ltr'><strong>esset</strong></span> <span class='ocrx_word' id='word_1_169' title='bbox 1657 3620 1748 3714; x_wconf 68' lang='lat' dir='ltr'><strong>&#39;et</strong></span> <span class='ocrx_word' id='word_1_170' title='bbox 1796 3633 1902 3717; x_wconf 86' lang='lat' dir='ltr'><strong>ad</strong></span> <span class='ocrx_word' id='word_1_171' title='bbox 1930 3665 2212 3717; x_wconf 86' lang='lat' dir='ltr'><strong>manus</strong></span> <span class='ocrx_word' id='word_1_172' title='bbox 2254 3666 2535 3719; x_wconf 90' lang='lat' dir='ltr'><strong>eorum</strong></span> <span class='ocrx_word' id='word_1_173' title='bbox 2571 3635 3018 3734; x_wconf 71' lang='lat' dir='ltr'><strong>deveniret,</strong></span> <span class='ocrx_word' id='word_1_174' title='bbox 3066 3639 3153 3716; x_wconf 89' lang='lat' dir='ltr'><strong>in</strong></span> <span class='ocrx_word' id='word_1_175' title='bbox 3194 3637 3569 3745; x_wconf 78' lang='lat' dir='ltr'><strong>Angliam</strong></span> <span class='ocrx_word' id='word_1_176' title='bbox 3611 3639 3857 3742; x_wconf 85' lang='lat' dir='ltr'><strong>capti-</strong></span> 
     </span>
     <span class='ocr_line' id='line_1_20' title="bbox 1062 3750 3856 3883; baseline 0 -33"><span class='ocrx_word' id='word_1_177' title='bbox 1062 3800 1205 3851; x_wconf 86' lang='lat' dir='ltr'><strong>vus</strong></span> <span class='ocrx_word' id='word_1_178' title='bbox 1232 3770 1788 3883; x_wconf 83' lang='lat' dir='ltr'><strong>deduceretur,</strong></span> <span class='ocrx_word' id='word_1_179' title='bbox 1814 3792 1893 3854; x_wconf 81' lang='lat' dir='ltr'><strong>et</strong></span> <span class='ocrx_word' id='word_1_180' title='bbox 1911 3776 2352 3856; x_wconf 75' lang='lat' dir='ltr'><strong>victoribus</strong></span> <span class='ocrx_word' id='word_1_181' title='bbox 2377 3775 2896 3882; x_wconf 78' lang='lat' dir='ltr'><strong>Flammingis</strong></span> <span class='ocrx_word' id='word_1_182' title='bbox 2926 3750 3475 3855; x_wconf 73' lang='lat' dir='ltr'><strong>dividerentur</strong></span> <span class='ocrx_word' id='word_1_183' title='bbox 3498 3770 3856 3855; x_wconf 79' lang='lat' dir='ltr'><strong>dominia</strong></span> 
     </span>
     <span class='ocr_line' id='line_1_21' title="bbox 1067 3893 3857 4023; baseline 0 -35"><span class='ocrx_word' id='word_1_184' title='bbox 1067 3909 1470 4017; x_wconf 82' lang='lat' dir='ltr'><strong>gallicana.</strong></span> <span class='ocrx_word' id='word_1_185' title='bbox 1541 3893 2092 4023; x_wconf 77' lang='lat' dir='ltr'><strong>Exequturmn</strong></span> <span class='ocrx_word' id='word_1_186' title='bbox 2137 3913 2465 3993; x_wconf 68' lang='lat' dir='ltr'><strong>facinus,</strong></span> <span class='ocrx_word' id='word_1_187' title='bbox 2510 3936 2786 3991; x_wconf 78' lang='lat' dir='ltr'><strong>omnes</strong></span> <span class='ocrx_word' id='word_1_188' title='bbox 2830 3909 3198 3992; x_wconf 80' lang='lat' dir='ltr'><strong>dexteras</strong></span> <span class='ocrx_word' id='word_1_189' title='bbox 3238 3912 3585 3992; x_wconf 81' lang='lat' dir='ltr'><strong>levantes</strong></span> <span class='ocrx_word' id='word_1_190' title='bbox 3634 3913 3857 4023; x_wconf 55' lang='lat' dir='ltr'><strong>juraq-</strong></span> 
     </span>
     <span class='ocr_line' id='line_1_22' title="bbox 1063 4050 3858 4162; baseline 0.001 -36"><span class='ocrx_word' id='word_1_191' title='bbox 1063 4065 1352 4127; x_wconf 86' lang='lat' dir='ltr'><strong>verunt</strong></span> <span class='ocrx_word' id='word_1_192' title='bbox 1389 4050 1455 4144; x_wconf 82' lang='lat'><strong>¹3</strong></span> <span class='ocrx_word' id='word_1_193' title='bbox 1502 4066 1581 4126; x_wconf 80' lang='lat' dir='ltr'><strong>et</strong></span> <span class='ocrx_word' id='word_1_194' title='bbox 1621 4052 1767 4148; x_wconf 81' lang='lat' dir='ltr'><strong>sie,</strong></span> <span class='ocrx_word' id='word_1_195' title='bbox 1819 4052 2044 4161; x_wconf 83' lang='lat' dir='ltr'><strong>quasi</strong></span> <span class='ocrx_word' id='word_1_196' title='bbox 2083 4053 2249 4162; x_wconf 83' lang='lat' dir='ltr'><strong>jam</strong></span> <span class='ocrx_word' id='word_1_197' title='bbox 2287 4052 2622 4129; x_wconf 78' lang='lat' dir='ltr'><strong>victorie</strong></span> <span class='ocrx_word' id='word_1_198' title='bbox 2671 4074 2933 4129; x_wconf 67' lang='lat' dir='ltr'><strong>mam</strong></span> <span class='ocrx_word' id='word_1_199' title='bbox 2986 4068 3300 4147; x_wconf 68' lang='lat' dir='ltr'><strong>tenena,</strong></span> <span class='ocrx_word' id='word_1_200' title='bbox 3350 4074 3532 4131; x_wconf 80' lang='lat' dir='ltr'><strong>cum</strong></span> <span class='ocrx_word' id='word_1_201' title='bbox 3569 4051 3858 4129; x_wconf 73' lang='lat' dir='ltr'><strong>vexillo</strong></span> 
     </span>
     <span class='ocr_line' id='line_1_23' title="bbox 1066 4172 3857 4301; baseline 0.001 -37"><span class='ocrx_word' id='word_1_202' title='bbox 1066 4172 1315 4264; x_wconf 72' lang='lat' dir='ltr'><strong>saneti</strong></span> <span class='ocrx_word' id='word_1_203' title='bbox 1380 4178 1753 4296; x_wconf 77' lang='lat' dir='ltr'><strong>Georgii,</strong></span> <span class='ocrx_word' id='word_1_204' title='bbox 1816 4188 2036 4300; x_wconf 89' lang='lat' dir='ltr'><strong>quod</strong></span> <span class='ocrx_word' id='word_1_205' title='bbox 2091 4204 2171 4267; x_wconf 82' lang='lat' dir='ltr'><strong>et</strong></span> <span class='ocrx_word' id='word_1_206' title='bbox 2229 4188 2483 4269; x_wconf 84' lang='lat' dir='ltr'><strong>multa</strong></span> <span class='ocrx_word' id='word_1_207' title='bbox 2543 4188 2694 4267; x_wconf 82' lang='lat' dir='ltr'><strong>alia</strong></span> <span class='ocrx_word' id='word_1_208' title='bbox 2751 4187 3326 4301; x_wconf 81' lang='lat' dir='ltr'><strong>sequebantur,</strong></span> <span class='ocrx_word' id='word_1_209' title='bbox 3399 4191 3483 4267; x_wconf 84' lang='lat' dir='ltr'><strong>in</strong></span> <span class='ocrx_word' id='word_1_210' title='bbox 3564 4190 3857 4300; x_wconf 79' lang='lat' dir='ltr'><strong>quibus</strong></span> 
     </span>
     <span class='ocr_line' id='line_1_24' title="bbox 1065 4320 3859 4437; baseline 0.002 -36"><span class='ocrx_word' id='word_1_211' title='bbox 1065 4323 1392 4437; x_wconf 86' lang='lat' dir='ltr'><strong>depicta·</strong></span> <span class='ocrx_word' id='word_1_212' title='bbox 1409 4345 1637 4433; x_wconf 84' lang='lat' dir='ltr'><strong>erant</strong></span> <span class='ocrx_word' id='word_1_213' title='bbox 1671 4328 2032 4406; x_wconf 86' lang='lat' dir='ltr'><strong>omnium</strong></span> <span class='ocrx_word' id='word_1_214' title='bbox 2068 4320 2711 4406; x_wconf 85' lang='lat' dir='ltr'><strong>mechanicarum</strong></span> <span class='ocrx_word' id='word_1_215' title='bbox 2741 4328 3042 4405; x_wconf 87' lang='lat' dir='ltr'><strong>arcium</strong></span> <span class='ocrx_word' id='word_1_216' title='bbox 3076 4328 3638 4426; x_wconf 83' lang='lat' dir='ltr'><strong>instrumenta,</strong></span> <span class='ocrx_word' id='word_1_217' title='bbox 3674 4356 3859 4406; x_wconf 83' lang='lat' dir='ltr'><strong>con-</strong></span> 
     </span>
     <span class='ocr_line' id='line_1_25' title="bbox 1064 4462 3859 4574; baseline -0 -33"><span class='ocrx_word' id='word_1_218' title='bbox 1064 4482 1188 4542; x_wconf 85' lang='lat' dir='ltr'><strong>tra</strong></span> <span class='ocrx_word' id='word_1_219' title='bbox 1232 4464 1581 4545; x_wconf 84' lang='lat' dir='ltr'><strong>Gallicos</strong></span> <span class='ocrx_word' id='word_1_220' title='bbox 1639 4468 1791 4544; x_wconf 85' lang='lat' dir='ltr'><strong>iter</strong></span> <span class='ocrx_word' id='word_1_221' title='bbox 1845 4468 2228 4573; x_wconf 86' lang='lat' dir='ltr'><strong>arripuit;</strong></span> <span class='ocrx_word' id='word_1_222' title='bbox 2279 4468 2365 4544; x_wconf 91' lang='lat' dir='ltr'><strong>in</strong></span> <span class='ocrx_word' id='word_1_223' title='bbox 2420 4491 2582 4574; x_wconf 88' lang='lat' dir='ltr'><strong>quo</strong></span> <span class='ocrx_word' id='word_1_224' title='bbox 2639 4481 2903 4545; x_wconf 87' lang='lat' dir='ltr'><strong>tamen</strong></span> <span class='ocrx_word' id='word_1_225' title='bbox 2960 4465 3249 4545; x_wconf 85' lang='lat' dir='ltr'><strong>itinere</strong></span> <span class='ocrx_word' id='word_1_226' title='bbox 3307 4464 3673 4571; x_wconf 67' lang='lat' dir='ltr'><strong>nonnulli</strong></span> <span class='ocrx_word' id='word_1_227' title='bbox 3718 4462 3859 4543; x_wconf 76' lang='lat' dir='ltr'><strong>tali</strong></span> 
     </span>
     <span class='ocr_line' id='line_1_26' title="bbox 1068 4602 2351 4710; baseline 0.001 -32"><span class='ocrx_word' id='word_1_228' title='bbox 1068 4602 1380 4681; x_wconf 81' lang='lat' dir='ltr'><strong>exiciali</strong></span> <span class='ocrx_word' id='word_1_229' title='bbox 1422 4614 1802 4710; x_wconf 86' lang='lat' dir='ltr'><strong>portento</strong></span> <span class='ocrx_word' id='word_1_230' title='bbox 1845 4604 2107 4681; x_wconf 84' lang='lat' dir='ltr'><strong>territi</strong></span> <span class='ocrx_word' id='word_1_231' title='bbox 2141 4616 2351 4681; x_wconf 89' lang='lat' dir='ltr'><strong>sunt.</strong></span> 
     </span>
    </p>
   </div>
   <div class='ocr_carea' id='block_1_4' title="bbox 1068 4779 3857 4922">
    <p class='ocr_par' dir='ltr' id='par_1_4' title="bbox 1068 4779 3857 4922">
     <span class='ocr_line' id='line_1_27' title="bbox 1139 4779 3857 4856; baseline -0 -21"><span class='ocrx_word' id='word_1_232' title='bbox 1139 4789 1150 4809; x_wconf 86' lang='lat'><em>¹</em></span> <span class='ocrx_word' id='word_1_233' title='bbox 1195 4782 1270 4835; x_wconf 85' lang='lat' dir='ltr'><strong>Le</strong></span> <span class='ocrx_word' id='word_1_234' title='bbox 1295 4794 1358 4836; x_wconf 85' lang='lat' dir='ltr'><strong>n⁰</strong></span> <span class='ocrx_word' id='word_1_235' title='bbox 1384 4779 1552 4854; x_wconf 84' lang='lat'><strong>5960,</strong></span> <span class='ocrx_word' id='word_1_236' title='bbox 1593 4779 1686 4835; x_wconf 87' lang='lat' dir='ltr'><strong>fol.</strong></span> <span class='ocrx_word' id='word_1_237' title='bbox 1719 4779 1786 4847; x_wconf 74' lang='lat'><strong>48</strong></span> <span class='ocrx_word' id='word_1_238' title='bbox 1813 4796 1883 4851; x_wconf 82' lang='lat' dir='ltr'><strong>r.,</strong></span> <span class='ocrx_word' id='word_1_239' title='bbox 1914 4782 2102 4854; x_wconf 77' lang='lat' dir='ltr'><strong>ajoute</strong></span> <span class='ocrx_word' id='word_1_240' title='bbox 2122 4783 2280 4856; x_wconf 50' lang='lat' dir='ltr'><strong>apriis</strong></span> <span class='ocrx_word' id='word_1_241' title='bbox 2299 4782 2636 4856; x_wconf 76' lang='lat' dir='ltr'><strong>jur-averunt</strong></span> <span class='ocrx_word' id='word_1_242' title='bbox 2667 4783 2745 4840; x_wconf 82' lang='lat' dir='ltr'><strong>les</strong></span> <span class='ocrx_word' id='word_1_243' title='bbox 2781 4794 2923 4841; x_wconf 75' lang='lat' dir='ltr'><strong>motu</strong></span> <span class='ocrx_word' id='word_1_244' title='bbox 2949 4784 3192 4839; x_wconf 75' lang='lat' dir='ltr'><strong>suivants</strong></span> <span class='ocrx_word' id='word_1_245' title='bbox 3216 4807 3228 4837; x_wconf 72' lang='grc' dir='ltr'><strong><em>ε</em></strong></span> <span class='ocrx_word' id='word_1_246' title='bbox 3264 4790 3317 4838; x_wconf 72' lang='lat' dir='ltr'><strong>ei</strong></span> <span class='ocrx_word' id='word_1_247' title='bbox 3345 4781 3414 4838; x_wconf 81' lang='lat' dir='ltr'><strong>de</strong></span> <span class='ocrx_word' id='word_1_248' title='bbox 3441 4784 3635 4836; x_wconf 75' lang='lat' dir='ltr'><strong>mutua</strong></span> <span class='ocrx_word' id='word_1_249' title='bbox 3665 4796 3857 4853; x_wconf 83' lang='lat' dir='ltr'><strong>perse-</strong></span> 
     </span>
     <span class='ocr_line' id='line_1_28' title="bbox 1068 4865 1636 4922; baseline 0.005 -5"><span class='ocrx_word' id='word_1_250' title='bbox 1068 4872 1325 4922; x_wconf 70' lang='lat' dir='ltr'><strong>verancia</strong></span> <span class='ocrx_word' id='word_1_251' title='bbox 1354 4865 1636 4922; x_wconf 81' lang='lat' dir='ltr'><strong>habenda.</strong></span> 
     </span>
    </p>
   </div>
  </div>
 </body>
</html>
