4666 6014
1125 673 1268 744 564
1540 665 2259 744 -GHRONICORUM
2288 666 2664 743 KAROLI
2714 663 2999 743 SEX'H
3049 667 3226 744 LlB.
3281 661 3424 744 an

1126 843 1305 897 rum
1328 815 1656 924 judicio,
1678 819 1961 927 jam-in
1985 847 2080 900 eo
2121 816 2783 899 commendabilia
2818 819 2939 908 vel
2969 837 3162 915 note
3191 819 3686 926 subjacencia
3724 849 3903 927 pos-

1126 956 1317 1034 teris
1354 954 1708 1035 notanda
1746 973 2013 1054 erant;
2055 953 2237 1036 ideo
2277 957 2449 1064 ipsa
2491 955 2776 1035 litteris
2830 933 3524 1036 commemoranda
3569 973 3857 1063 suscep

1126 1122 1291 1173 non
1318 1095 1877 1190 tamenomnia
1910 1125 1927 1173 ε
1966 1122 2110 1174 nec
2134 1111 2494 1202 oportet3
2521 1121 2708 1173 nam
2737 1093 2930 1204 ipsis
2961 1092 3420 1174 satisfecisse
3443 1089 3802 1190 videbor,
3837 1095 3904 1172 si

1125 1259 1283 1339 que
1334 1249 1674 1339 tangunt
1712 1230 2242 1340 aptitudinem
2288 1231 2787 1339 corporalem
2831 1248 3068 1340 atque
3114 1257 3378 1310 mores
3429 1229 3905 1310 domesticos

1127 1366 1277 1448 sub
1300 1365 1777 1476 compendio
1811 1365 2279 1449 describam.

1240 1504 1367 1583 Ab
1413 1503 1940 1586 exterioribus
2001 1506 2251 1614 igitur
2301 1533 2619 1585 sumens
2676 1507 3040 1603 inicium,
3092 1507 3160 1584 is
3210 1506 3683 1613 proceritate
3734 1533 3905 1585 cor-

1126 1641 1346 1748 poris
1402 1644 1744 1723 existens
1786 1644 2070 1722 eximia
2092 1703 2111 1739 ‚
2154 1642 2449 1721 scilicet
2502 1643 2869 1720 maximis
2913 1642 3184 1721 minor
3235 1658 3314 1722 et
3371 1639 3903 1721 mediocribus

1122 1776 1404 1887 major,
1458 1793 1913 1884 compactus
1949 1775 2328 1856 membris
2371 1775 2881 1856 solidioribus
2921 1775 3078 1858 fuit
3124 1795 3360 1887 atque
3413 1778 3736 1858 thorace
3775 1779 3902 1855 vi·-

1126 1914 1279 1991 rili.
1318 1914 1625 1993 Faciem
1653 1941 1840 1994 vero
1873 1911 2161 1992 claram
2184 1974 2203 2010 ‚
2236 1913 2437 1992 mala
2473 1916 2730 2021 prima
2766 1915 3043 1993 vestita
3073 1914 3483 2022 lanugine,
3524 1942 3719 1994 naso
3759 1912 3909 1995 de-

1127 2071 1393 2131 center
1435 2068 1791 2148 extento,
1847 2068 1927 2130 et
1974 2049 2222 2130 oculis
2266 2048 2664 2130 vivacibus
2721 2048 3171 2129 decoratam
3212 2079 3379 2129 non
3421 2048 3905 2159 deturpabat

1130 2185 1631 2268 mediocriter
1668 2185 1881 2267 fusca
1921 2186 2513 2295 supereminens
2556 2188 2922 2285 cesaries;
2964 2215 3201 2296 quam
3230 2205 3494 2268 tamen
3539 2213 3906 2270 revocare

1127 2356 1171 2405 a
1237 2328 1525 2407 vertice
1564 2322 1666 2405 ad
1703 2324 2054 2424 frontem
2093 2326 2215 2403 vir
2247 2323 2499 2403 factus
2548 2324 2953 2404 consuevit
2972 2385 2991 2421 ‚
3044 2353 3219 2403 cum
3271 2324 3681 2404 calvicium
3722 2353 3905 2434 egre

1127 2464 1392 2543 ferret.
1442 2463 1649 2543 Huic
1698 2489 2013 2571 quoque
2067 2485 2449 2568 corporee
2506 2463 2897 2542 venustati
2954 2461 3301 2569 ingentis
3352 2461 3670 2543 roboris
3719 2492 3905 2545 cor-

1130 2597 1664 2707 respondebat
1700 2597 2020 2677 habitus
2040 2657 2060 2696 ‚
2096 2614 2176 2676 et
2208 2597 2295 2675 in
2341 2623 2521 2676 eum
2565 2593 3048 2680 videbantur
3087 2615 3369 2677 nature
3413 2593 3625 2678 dona
3671 2599 3905 2706 plena

1127 2736 1598 2816 liberalitate
1634 2735 2117 2814 convenisse.
2160 2734 2365 2813 Nam
2396 2733 2823 2844 juvenilem
2855 2734 3305 2844 relinquens
3334 2731 3862 2845 aptitudinem
3882 2798 3901 2834 ‚

1131 2868 1559 2982 sagittandi
1599 2887 1679 2950 et
1706 2866 2109 2978 jaculandi
2144 2897 2377 2950 usum
2405 2869 2709 2950 habens
2749 2870 3214 2951 familiarem
3235 2933 3255 2972 ,
3299 2888 3717 2980 promptus
3750 2871 3903 2951 fuit
3955 2883 3964 2892 '

1132 3009 1233 3091 ad
1278 3039 1533 3108 arma,
1586 3005 1688 3088 ad
1729 3034 2019 3119 equum
2065 3007 2288 3117 agilis
2308 3071 2327 3107 ‚
2363 3010 2700 3118 impiger
2740 3027 2819 3089 et
2858 3007 3235 3090 sollicitus
3257 3068 3278 3106 ‚
3310 3012 3688 3122 quociens
3723 3039 3902 3090 eum

1132 3145 1600 3263 inquietudo
1646 3146 1997 3227 hostium
2039 3145 2565 3254 provocabat,
2613 3164 2692 3225 et
2749 3148 2834 3225 in
2885 3148 3104 3226 omni
3154 3147 3537 3229 exercicio
3588 3148 3907 3227 militari

1135 3285 1485 3365 omnium
1516 3281 1818 3392 judicio
1839 3285 2066 3395 quasi
2103 3284 2546 3392 singularis.
2586 3284 2845 3364 Tanta
2876 3283 3340 3365 affabilitate
3372 3285 3867 3393 preminebat
3886 3347 3905 3383 ‚

1135 3441 1223 3503 ut
1251 3424 1496 3503 eciam
1534 3419 2267 3528 contemptibilibus
2306 3423 2671 3529 personis
2718 3447 2813 3500 ex
2857 3420 3289 3528 improviso
3327 3439 3406 3502 et
3438 3425 3909 3502 nominatim

1135 3560 1634 3640 salutacionis
1673 3556 2159 3666 dependeret
2186 3557 2434 3637 affatu
2443 3586 2516 3635 m
2537 3619 2556 3655 ‚
2594 3574 2674 3637 et
2704 3556 2805 3635 ad
2846 3584 2929 3637 se
2959 3555 3269 3665 ingredi
3298 3557 3746 3640 volentibus
3787 3560 3906 3640 vel

1137 3695 1733 3778 occurrentibus
1794 3695 2087 3802 passim
2149 3712 2418 3774 mutue
2479 3693 3046 3804 colloqucionis
3094 3711 3242 3799 ⁸aut
3302 3690 3630 3775 offerret
3695 3697 3906 3776 ultro

1137 3834 1729 3930 commercium,
1771 3850 1908 3912 aut
1938 3830 2525 3939 postulantibus
2564 3859 2731 3912 non
2765 3848 3126 3939 negaret3
3162 3847 3240 3911 et
3268 3828 3454 3912 inde
3471 3892 3492 3930 ,
3524 3829 3906 3941 quamdiu

1135 3971 1335 4051 vixit
1352 4031 1371 4067 ‚
1393 3997 1476 4049 se
1496 3968 1913 4049 amabilem
1936 3965 2287 4050 ostendit
2310 3968 2718 4049 universis,

1136 4152 1145 4159 «
1253 4108 1633 4209 Quamvis
1670 4080 2238 4187 beneficiorum
2270 4121 2349 4184 et
2384 4104 2858 4212 injuriarum
2885 4103 3108 4186 valde
3136 4105 3488 4186 recolens
3528 4097 3903 4203 extiterit,

1142 4270 1306 4321 non
1348 4261 1610 4323 ta‘men
1657 4243 2123 4322 naturaliter
2178 4269 2434 4350 neque
2472 4242 2781 4349 magnis
2823 4268 2921 4322 ex
2970 4243 3222 4321 causis
3276 4244 3387 4322 sic
3439 4241 3574 4322 ad‘
3599 4243 3906 4322 iracun-

1076 4401 1083 4409 ’
1144 4378 1359 4459 diam
1389 4406 1691 4487 pronus
1725 4378 1913 4478 fuit,
1948 4396 2039 4458 ut
2077 4378 2308 4459 alicui
2348 4378 2862 4458 contumelias
2894 4395 3031 4457 aut
3060 4379 3552 4488 improperia
3590 4379 3905 4485 profer-

1140 4533 1286 4596 ret.
1330 4516 1751 4625 Ineratque
1797 4516 1952 4625 ipsi
1982 4514 2412 4595 verborum
2451 4514 2777 4595 comitas
2817 4515 3065 4595 multa
3103 4533 3183 4595 et
3217 4510 3782 4613 mansuetud03
3820 4533 3899 4594 et

1138 4653 1437 4761 legatos
1468 4649 1568 4732 ad
1596 4681 1678 4733 se
1717 4653 1995 4733 missos
2037 4652 2445 4733 mitissime
2471 4632 2807 4763 alloqui,
2845 4669 2926 4733 et
2954 4649 3188 4733 donis
3218 4627 3722 4732 uberioribus
3761 4681 3905 4730 cu-

1140 4776 1439 4897 mulare
1469 4818 1642 4871 mos
1670 4770 1782 4870 illi
1818 4807 2262 4901 perpetuus.
2293 4789 2787 4873 Liberalitati
2817 4809 3075 4871 autem
3099 4819 3147 4873 a
3181 4791 3526 4898 puericia
3564 4787 3902 4885 dedituS‚
