<?xml version="1.0" encoding="UTF-8"?>
<!DOCTYPE html PUBLIC "-//W3C//DTD XHTML 1.0 Transitional//EN"
    "http://www.w3.org/TR/xhtml1/DTD/xhtml1-transitional.dtd">
<html xmlns="http://www.w3.org/1999/xhtml" xml:lang="en" lang="en">
 <head>
  <title>
</title>
<meta http-equiv="Content-Type" content="text/html;charset=utf-8" />
  <meta name='ocr-system' content='tesseract 3.04.00' />
  <meta name='ocr-capabilities' content='ocr_page ocr_carea ocr_par ocr_line ocrx_word'/>
</head>
<body>
  <div class='ocr_page' id='page_1' title='image "./chroniquedureli00frangoog_0380.png"; bbox 0 0 4666 6014; ppageno 0'>
   <div class='ocr_carea' id='block_1_1' title="bbox 1040 685 3351 777">
    <p class='ocr_par' dir='ltr' id='par_1_1' title="bbox 1040 685 3351 777">
     <span class='ocr_line' id='line_1_1' title="bbox 1040 685 3351 777; baseline -0.001 0"><span class='ocrx_word' id='word_1_1' title='bbox 1040 699 1198 777; x_wconf 82' lang='lat'><strong>356.</strong></span> <span class='ocrx_word' id='word_1_2' title='bbox 1508 685 2213 774; x_wconf 74' lang='lat' dir='ltr'><strong>cnRoNlcomJM‘</strong></span> <span class='ocrx_word' id='word_1_3' title='bbox 2244 697 2604 772; x_wconf 81' lang='lat' dir='ltr'><strong>KAROLI</strong></span> <span class='ocrx_word' id='word_1_4' title='bbox 2652 696 2939 772; x_wconf 72' lang='lat' dir='ltr'><strong>513.le</strong></span> <span class='ocrx_word' id='word_1_5' title='bbox 2987 701 3165 774; x_wconf 86' lang='lat' dir='ltr'><strong>LIB.</strong></span> <span class='ocrx_word' id='word_1_6' title='bbox 3222 700 3351 777; x_wconf 86' lang='lat' dir='ltr'><strong>Vl.</strong></span> 
     </span>
    </p>
   </div>
   <div class='ocr_carea' id='block_1_2' title="bbox 1009 849 3899 3441">
    <p class='ocr_par' dir='ltr' id='par_1_2' title="bbox 1009 849 3848 1786">
     <span class='ocr_line' id='line_1_2' title="bbox 1042 849 3839 959; baseline 0.001 -27"><span class='ocrx_word' id='word_1_7' title='bbox 1042 850 1386 932; x_wconf 87' lang='lat' dir='ltr'><strong>traditus</strong></span> <span class='ocrx_word' id='word_1_8' title='bbox 1422 850 1846 929; x_wconf 86' lang='lat' dir='ltr'><strong>Parisiensi</strong></span> <span class='ocrx_word' id='word_1_9' title='bbox 1897 850 2336 959; x_wconf 85' lang='lat' dir='ltr'><strong>preposito.</strong></span> <span class='ocrx_word' id='word_1_10' title='bbox 2389 849 2555 950; x_wconf 88' lang='lat' dir='ltr'><strong>Qui</strong></span> <span class='ocrx_word' id='word_1_11' title='bbox 2594 850 3007 930; x_wconf 89' lang='lat' dir='ltr'><strong>veritatem</strong></span> <span class='ocrx_word' id='word_1_12' title='bbox 3049 850 3156 930; x_wconf 88' lang='lat' dir='ltr'><strong>ab</strong></span> <span class='ocrx_word' id='word_1_13' title='bbox 3205 879 3304 932; x_wconf 90' lang='lat' dir='ltr'><strong>eo</strong></span> <span class='ocrx_word' id='word_1_14' title='bbox 3348 854 3429 931; x_wconf 93' lang='lat' dir='ltr'><strong>vi</strong></span> <span class='ocrx_word' id='word_1_15' title='bbox 3480 869 3839 934; x_wconf 85' lang='lat' dir='ltr'><strong>tormen·</strong></span> 
     </span>
     <span class='ocr_line' id='line_1_3' title="bbox 1040 984 3841 1097; baseline 0.001 -29"><span class='ocrx_word' id='word_1_16' title='bbox 1040 1007 1312 1068; x_wconf 89' lang='lat' dir='ltr'><strong>torum</strong></span> <span class='ocrx_word' id='word_1_17' title='bbox 1366 1003 1852 1097; x_wconf 81' lang='lat' dir='ltr'><strong>extorquens</strong></span> <span class='ocrx_word' id='word_1_18' title='bbox 1879 1048 1898 1085; x_wconf 87' lang='lat'>‚</span> <span class='ocrx_word' id='word_1_19' title='bbox 1933 986 2214 1095; x_wconf 77' lang='lat' dir='ltr'><strong>ipsum</strong></span> <span class='ocrx_word' id='word_1_20' title='bbox 2251 986 2570 1066; x_wconf 78' lang='lat' dir='ltr'>crimen</span> <span class='ocrx_word' id='word_1_21' title='bbox 2621 984 2872 1066; x_wconf 88' lang='lat' dir='ltr'><strong>libere</strong></span> <span class='ocrx_word' id='word_1_22' title='bbox 2921 984 3297 1096; x_wconf 76' lang='lat' dir='ltr'><strong>patefecit</strong></span> <span class='ocrx_word' id='word_1_23' title='bbox 3314 1049 3334 1087; x_wconf 88' lang='lat'>,</span> <span class='ocrx_word' id='word_1_24' title='bbox 3393 1005 3617 1070; x_wconf 87' lang='lat' dir='ltr'><strong>tante</strong></span> <span class='ocrx_word' id='word_1_25' title='bbox 3667 989 3841 1071; x_wconf 85' lang='lat' dir='ltr'><strong>effi-</strong></span> 
     </span>
     <span class='ocr_line' id='line_1_4' title="bbox 1044 1119 3840 1238; baseline 0.001 -34"><span class='ocrx_word' id='word_1_26' title='bbox 1044 1126 1253 1206; x_wconf 88' lang='lat' dir='ltr'><strong>cacie</strong></span> <span class='ocrx_word' id='word_1_27' title='bbox 1294 1124 1699 1238; x_wconf 87' lang='lat' dir='ltr'><strong>pulverem</strong></span> <span class='ocrx_word' id='word_1_28' title='bbox 1731 1151 1901 1203; x_wconf 89' lang='lat' dir='ltr'><strong>esse</strong></span> <span class='ocrx_word' id='word_1_29' title='bbox 1944 1121 2393 1219; x_wconf 85' lang='lat' dir='ltr'><strong>affirmans,</strong></span> <span class='ocrx_word' id='word_1_30' title='bbox 2442 1119 2664 1234; x_wconf 92' lang='lat' dir='ltr'><strong>quod</strong></span> <span class='ocrx_word' id='word_1_31' title='bbox 2688 1185 2708 1223; x_wconf 90' lang='lat'>,</span> <span class='ocrx_word' id='word_1_32' title='bbox 2755 1125 2824 1202; x_wconf 89' lang='lat' dir='ltr'><strong>si</strong></span> <span class='ocrx_word' id='word_1_33' title='bbox 2864 1123 3157 1232; x_wconf 81' lang='lat' dir='ltr'><strong>prefati</strong></span> <span class='ocrx_word' id='word_1_34' title='bbox 3201 1123 3510 1206; x_wconf 90' lang='lat' dir='ltr'><strong>domini</strong></span> <span class='ocrx_word' id='word_1_35' title='bbox 3549 1156 3644 1206; x_wconf 88' lang='lat' dir='ltr'><strong>eo</strong></span> <span class='ocrx_word' id='word_1_36' title='bbox 3695 1128 3840 1207; x_wconf 87' lang='lat' dir='ltr'><strong>ali-</strong></span> 
     </span>
     <span class='ocr_line' id='line_1_5' title="bbox 1044 1257 3845 1376; baseline 0 -33"><span class='ocrx_word' id='word_1_37' title='bbox 1044 1257 1516 1374; x_wconf 86' lang='lat' dir='ltr'><strong>quantulum</strong></span> <span class='ocrx_word' id='word_1_38' title='bbox 1539 1278 2014 1371; x_wconf 82' lang='lat' dir='ltr'><strong>gustassent,</strong></span> <span class='ocrx_word' id='word_1_39' title='bbox 2044 1258 2275 1341; x_wconf 90' lang='lat' dir='ltr'><strong>velud</strong></span> <span class='ocrx_word' id='word_1_40' title='bbox 2310 1263 2498 1369; x_wconf 90' lang='lat' dir='ltr'><strong>igne</strong></span> <span class='ocrx_word' id='word_1_41' title='bbox 2515 1264 2863 1342; x_wconf 87' lang='lat' dir='ltr'><strong>exterius</strong></span> <span class='ocrx_word' id='word_1_42' title='bbox 2894 1262 3391 1376; x_wconf 87' lang='lat' dir='ltr'><strong>interiusque</strong></span> <span class='ocrx_word' id='word_1_43' title='bbox 3422 1291 3845 1374; x_wconf 88' lang='lat' dir='ltr'><strong>consump-</strong></span> 
     </span>
     <span class='ocr_line' id='line_1_6' title="bbox 1041 1398 3842 1500; baseline 0.001 -22"><span class='ocrx_word' id='word_1_44' title='bbox 1041 1403 1255 1498; x_wconf 90' lang='lat' dir='ltr'><strong>turi,</strong></span> <span class='ocrx_word' id='word_1_45' title='bbox 1312 1400 1740 1482; x_wconf 87' lang='lat' dir='ltr'><strong>clamantes</strong></span> <span class='ocrx_word' id='word_1_46' title='bbox 1808 1416 2111 1479; x_wconf 87' lang='lat' dir='ltr'><strong>tactum</strong></span> <span class='ocrx_word' id='word_1_47' title='bbox 2164 1398 2587 1479; x_wconf 89' lang='lat' dir='ltr'><strong>hominum</strong></span> <span class='ocrx_word' id='word_1_48' title='bbox 2643 1398 3254 1481; x_wconf 86' lang='lat' dir='ltr'><strong>abhorruissent</strong></span> <span class='ocrx_word' id='word_1_49' title='bbox 3313 1418 3408 1480; x_wconf 91' lang='lat' dir='ltr'><strong>ut</strong></span> <span class='ocrx_word' id='word_1_50' title='bbox 3464 1401 3842 1500; x_wconf 88' lang='lat' dir='ltr'><strong>vulnera;</strong></span> 
     </span>
     <span class='ocr_line' id='line_1_7' title="bbox 1043 1534 3848 1649; baseline 0.001 -33"><span class='ocrx_word' id='word_1_51' title='bbox 1043 1566 1236 1617; x_wconf 84' lang='lat' dir='ltr'><strong>mox</strong></span> <span class='ocrx_word' id='word_1_52' title='bbox 1274 1537 1540 1644; x_wconf 88' lang='lat' dir='ltr'><strong>capilli</strong></span> <span class='ocrx_word' id='word_1_53' title='bbox 1575 1554 1863 1646; x_wconf 88' lang='lat' dir='ltr'><strong>sponte</strong></span> <span class='ocrx_word' id='word_1_54' title='bbox 1892 1534 2396 1635; x_wconf 80' lang='lat' dir='ltr'><strong>definissent,</strong></span> <span class='ocrx_word' id='word_1_55' title='bbox 2431 1537 2793 1649; x_wconf 88' lang='lat' dir='ltr'><strong>cutisque</strong></span> <span class='ocrx_word' id='word_1_56' title='bbox 2828 1535 2929 1617; x_wconf 91' lang='lat' dir='ltr'><strong>ad</strong></span> <span class='ocrx_word' id='word_1_57' title='bbox 2963 1555 3263 1620; x_wconf 88' lang='lat' dir='ltr'><strong>tactum</strong></span> <span class='ocrx_word' id='word_1_58' title='bbox 3298 1567 3585 1619; x_wconf 87' lang='lat' dir='ltr'><strong>manus</strong></span> <span class='ocrx_word' id='word_1_59' title='bbox 3622 1539 3848 1619; x_wconf 88' lang='lat' dir='ltr'><strong>avelli</strong></span> 
     </span>
     <span class='ocr_line' id='line_1_8' title="bbox 1009 1669 3842 1786; baseline 0 -30"><span class='ocrx_word' id='word_1_60' title='bbox 1009 1723 1014 1728; x_wconf 92' lang='lat'>·</span> <span class='ocrx_word' id='word_1_61' title='bbox 1043 1678 1438 1786; x_wconf 87' lang='lat' dir='ltr'><strong>potuisset</strong></span> <span class='ocrx_word' id='word_1_62' title='bbox 1469 1694 1549 1756; x_wconf 90' lang='lat' dir='ltr'><strong>et</strong></span> <span class='ocrx_word' id='word_1_63' title='bbox 1574 1703 1621 1753; x_wconf 92' lang='lat' dir='ltr'><strong>a</strong></span> <span class='ocrx_word' id='word_1_64' title='bbox 1650 1703 1888 1754; x_wconf 90' lang='lat' dir='ltr'><strong>carne</strong></span> <span class='ocrx_word' id='word_1_65' title='bbox 1907 1669 2281 1756; x_wconf 83' lang='lat' dir='ltr'><strong>facillime</strong></span> <span class='ocrx_word' id='word_1_66' title='bbox 2306 1676 2699 1784; x_wconf 86' lang='lat' dir='ltr'><strong>separari,</strong></span> <span class='ocrx_word' id='word_1_67' title='bbox 2736 1703 2884 1755; x_wconf 91' lang='lat' dir='ltr'><strong>nec</strong></span> <span class='ocrx_word' id='word_1_68' title='bbox 2910 1673 3188 1758; x_wconf 88' lang='lat' dir='ltr'><strong>triduo</strong></span> <span class='ocrx_word' id='word_1_69' title='bbox 3214 1693 3404 1784; x_wconf 87' lang='lat' dir='ltr'><strong>post</strong></span> <span class='ocrx_word' id='word_1_70' title='bbox 3430 1678 3842 1757; x_wconf 84' lang='lat' dir='ltr'><strong>vixissent.</strong></span> 
     </span>
    </p>

    <p class='ocr_par' dir='ltr' id='par_1_3' title="bbox 1040 1810 3899 3441">
     <span class='ocr_line' id='line_1_9' title="bbox 1156 1810 3848 1921; baseline 0 -28"><span class='ocrx_word' id='word_1_71' title='bbox 1156 1815 1328 1894; x_wconf 89' lang='lat' dir='ltr'><strong>Hac</strong></span> <span class='ocrx_word' id='word_1_72' title='bbox 1377 1811 1477 1893; x_wconf 92' lang='lat' dir='ltr'><strong>de</strong></span> <span class='ocrx_word' id='word_1_73' title='bbox 1529 1827 1761 1894; x_wconf 85' lang='lat' dir='ltr'><strong>causa</strong></span> <span class='ocrx_word' id='word_1_74' title='bbox 1806 1813 2089 1894; x_wconf 85' lang='lat' dir='ltr'><strong>merita</strong></span> <span class='ocrx_word' id='word_1_75' title='bbox 2134 1812 2527 1921; x_wconf 90' lang='lat' dir='ltr'><strong>supplicia</strong></span> <span class='ocrx_word' id='word_1_76' title='bbox 2570 1810 3075 1921; x_wconf 85' lang='lat' dir='ltr'><strong>adjudicatus</strong></span> <span class='ocrx_word' id='word_1_77' title='bbox 3116 1815 3390 1897; x_wconf 87' lang='lat' dir='ltr'><strong>subire</strong></span> <span class='ocrx_word' id='word_1_78' title='bbox 3414 1879 3433 1915; x_wconf 90' lang='lat'>,</span> <span class='ocrx_word' id='word_1_79' title='bbox 3486 1814 3585 1897; x_wconf 88' lang='lat' dir='ltr'><strong>ad</strong></span> <span class='ocrx_word' id='word_1_80' title='bbox 3643 1834 3848 1896; x_wconf 88' lang='lat' dir='ltr'><strong>cete-</strong></span> 
     </span>
     <span class='ocr_line' id='line_1_10' title="bbox 1047 1948 3854 2065; baseline 0 -32"><span class='ocrx_word' id='word_1_81' title='bbox 1047 1983 1325 2035; x_wconf 87' lang='lat' dir='ltr'><strong>rorum</strong></span> <span class='ocrx_word' id='word_1_82' title='bbox 1363 1971 1759 2032; x_wconf 86' lang='lat' dir='ltr'><strong>terrorem</strong></span> <span class='ocrx_word' id='word_1_83' title='bbox 1810 1948 2328 2065; x_wconf 83' lang='lat' dir='ltr'><strong>proditorum</strong></span> <span class='ocrx_word' id='word_1_84' title='bbox 2379 1968 2621 2062; x_wconf 87' lang='lat' dir='ltr'><strong>caput</strong></span> <span class='ocrx_word' id='word_1_85' title='bbox 2679 1953 2850 2061; x_wconf 86' lang='lat' dir='ltr'><strong>ejus</strong></span> <span class='ocrx_word' id='word_1_86' title='bbox 2903 1953 3264 2034; x_wconf 88' lang='lat' dir='ltr'><strong>abcisum</strong></span> <span class='ocrx_word' id='word_1_87' title='bbox 3336 1954 3563 2036; x_wconf 85' lang='lat' dir='ltr'><strong>hasta</strong></span> <span class='ocrx_word' id='word_1_88' title='bbox 3612 1955 3854 2063; x_wconf 87' lang='lat' dir='ltr'><strong>longa</strong></span> 
     </span>
     <span class='ocr_line' id='line_1_11' title="bbox 1045 2081 3853 2202; baseline 0 -30"><span class='ocrx_word' id='word_1_89' title='bbox 1045 2091 1381 2172; x_wconf 81' lang='lat' dir='ltr'><strong>affixum</strong></span> <span class='ocrx_word' id='word_1_90' title='bbox 1435 2108 1591 2188; x_wconf 87' lang='lat' dir='ltr'><strong>est,</strong></span> <span class='ocrx_word' id='word_1_91' title='bbox 1645 2089 2025 2170; x_wconf 89' lang='lat' dir='ltr'><strong>membris</strong></span> <span class='ocrx_word' id='word_1_92' title='bbox 2070 2116 2261 2168; x_wconf 89' lang='lat' dir='ltr'><strong>vero</strong></span> <span class='ocrx_word' id='word_1_93' title='bbox 2312 2081 2900 2200; x_wconf 86' lang='lat' dir='ltr'><strong>principalibus</strong></span> <span class='ocrx_word' id='word_1_94' title='bbox 2948 2093 3314 2202; x_wconf 92' lang='lat' dir='ltr'><strong>corporis</strong></span> <span class='ocrx_word' id='word_1_95' title='bbox 3369 2093 3456 2171; x_wconf 91' lang='lat' dir='ltr'><strong>in</strong></span> <span class='ocrx_word' id='word_1_96' title='bbox 3511 2094 3853 2172; x_wconf 87' lang='lat' dir='ltr'><strong>introitu</strong></span> 
     </span>
     <span class='ocr_line' id='line_1_12' title="bbox 1041 2225 3855 2350; baseline 0 -42"><span class='ocrx_word' id='word_1_97' title='bbox 1041 2248 1390 2343; x_wconf 90' lang='lat' dir='ltr'><strong>quatuor</strong></span> <span class='ocrx_word' id='word_1_98' title='bbox 1442 2245 1857 2335; x_wconf 89' lang='lat' dir='ltr'><strong>portarum</strong></span> <span class='ocrx_word' id='word_1_99' title='bbox 1910 2225 2479 2336; x_wconf 82' lang='lat' dir='ltr'><strong>principalium</strong></span> <span class='ocrx_word' id='word_1_100' title='bbox 2506 2288 2525 2324; x_wconf 92' lang='lat'><strong>,</strong></span> <span class='ocrx_word' id='word_1_101' title='bbox 2569 2243 2864 2350; x_wconf 26' lang='lat' dir='ltr'><strong>’trunco</strong></span> <span class='ocrx_word' id='word_1_102' title='bbox 2925 2257 3115 2310; x_wconf 89' lang='lat' dir='ltr'><strong>vero</strong></span> <span class='ocrx_word' id='word_1_103' title='bbox 3181 2233 3587 2309; x_wconf 88' lang='lat' dir='ltr'><strong>communi</strong></span> <span class='ocrx_word' id='word_1_104' title='bbox 3645 2233 3855 2339; x_wconf 87' lang='lat' dir='ltr'><strong>pati-</strong></span> 
     </span>
     <span class='ocr_line' id='line_1_13' title="bbox 1040 2360 3857 2479; baseline 0 -34"><span class='ocrx_word' id='word_1_105' title='bbox 1040 2365 1233 2446; x_wconf 89' lang='lat' dir='ltr'><strong>bulo</strong></span> <span class='ocrx_word' id='word_1_106' title='bbox 1282 2368 1709 2474; x_wconf 88' lang='lat' dir='ltr'><strong>suspensis.</strong></span> <span class='ocrx_word' id='word_1_107' title='bbox 1761 2363 1892 2444; x_wconf 87' lang='lat' dir='ltr'><strong>Sic</strong></span> <span class='ocrx_word' id='word_1_108' title='bbox 1942 2392 2288 2475; x_wconf 82' lang='lat' dir='ltr'><strong>nequam</strong></span> <span class='ocrx_word' id='word_1_109' title='bbox 2335 2360 2710 2472; x_wconf 84' lang='lat' dir='ltr'><strong>proditor</strong></span> <span class='ocrx_word' id='word_1_110' title='bbox 2755 2365 3207 2479; x_wconf 84' lang='lat' dir='ltr'><strong>iniquitatis</strong></span> <span class='ocrx_word' id='word_1_111' title='bbox 3239 2394 3488 2475; x_wconf 88' lang='lat' dir='ltr'><strong>penas</strong></span> <span class='ocrx_word' id='word_1_112' title='bbox 3543 2366 3731 2464; x_wconf 86' lang='lat' dir='ltr'><strong>luit,</strong></span> <span class='ocrx_word' id='word_1_113' title='bbox 3779 2385 3857 2445; x_wconf 90' lang='lat' dir='ltr'><strong>et</strong></span> 
     </span>
     <span class='ocr_line' id='line_1_14' title="bbox 1040 2499 3855 2614; baseline 0.001 -32"><span class='ocrx_word' id='word_1_114' title='bbox 1040 2505 1220 2582; x_wconf 84' lang='lat' dir='ltr'><strong>loco</strong></span> <span class='ocrx_word' id='word_1_115' title='bbox 1249 2504 1546 2612; x_wconf 90' lang='lat' dir='ltr'><strong>sperati</strong></span> <span class='ocrx_word' id='word_1_116' title='bbox 1576 2503 1863 2611; x_wconf 90' lang='lat' dir='ltr'><strong>premii</strong></span> <span class='ocrx_word' id='word_1_117' title='bbox 1899 2499 2395 2610; x_wconf 89' lang='lat' dir='ltr'><strong>condignum</strong></span> <span class='ocrx_word' id='word_1_118' title='bbox 2430 2501 2918 2611; x_wconf 86' lang='lat' dir='ltr'><strong>supplicium</strong></span> <span class='ocrx_word' id='word_1_119' title='bbox 2951 2506 3416 2614; x_wconf 85' lang='lat' dir='ltr'><strong>reportavit.</strong></span> <span class='ocrx_word' id='word_1_120' title='bbox 3458 2504 3563 2586; x_wconf 92' lang='lat' dir='ltr'><strong>Ut</strong></span> <span class='ocrx_word' id='word_1_121' title='bbox 3593 2523 3855 2586; x_wconf 89' lang='lat' dir='ltr'><strong>autem</strong></span> 
     </span>
     <span class='ocr_line' id='line_1_15' title="bbox 1040 2636 3856 2753; baseline 0 -33"><span class='ocrx_word' id='word_1_122' title='bbox 1040 2642 1441 2749; x_wconf 84' lang='lat' dir='ltr'><strong>justiciam</strong></span> <span class='ocrx_word' id='word_1_123' title='bbox 1482 2641 1974 2753; x_wconf 84' lang='lat' dir='ltr'><strong>exequcioni</strong></span> <span class='ocrx_word' id='word_1_124' title='bbox 2011 2636 2278 2718; x_wconf 88' lang='lat' dir='ltr'><strong>datam</strong></span> <span class='ocrx_word' id='word_1_125' title='bbox 2317 2641 2740 2722; x_wconf 80' lang='lat' dir='ltr'><strong>memorati</strong></span> <span class='ocrx_word' id='word_1_126' title='bbox 2784 2642 3194 2750; x_wconf 86' lang='lat' dir='ltr'><strong>principes</strong></span> <span class='ocrx_word' id='word_1_127' title='bbox 3237 2661 3809 2751; x_wconf 85' lang='lat' dir='ltr'><strong>compererunt</strong></span> <span class='ocrx_word' id='word_1_128' title='bbox 3837 2703 3856 2738; x_wconf 89' lang='lat'>‚</span> 
     </span>
     <span class='ocr_line' id='line_1_16' title="bbox 1044 2773 3859 2889; baseline 0 -32"><span class='ocrx_word' id='word_1_129' title='bbox 1044 2780 1410 2889; x_wconf 86' lang='lat' dir='ltr'><strong>sequenti</strong></span> <span class='ocrx_word' id='word_1_130' title='bbox 1451 2773 1616 2873; x_wconf 84' lang='lat' dir='ltr'><strong>die,</strong></span> <span class='ocrx_word' id='word_1_131' title='bbox 1653 2773 2024 2857; x_wconf 88' lang='lat' dir='ltr'><strong>videlicet</strong></span> <span class='ocrx_word' id='word_1_132' title='bbox 2063 2793 2343 2857; x_wconf 87' lang='lat' dir='ltr'><strong>octava</strong></span> <span class='ocrx_word' id='word_1_133' title='bbox 2382 2795 2466 2857; x_wconf 89' lang='lat' dir='ltr'><strong>et</strong></span> <span class='ocrx_word' id='word_1_134' title='bbox 2504 2778 2877 2858; x_wconf 74' lang='lat' dir='ltr'><strong>vicesima</strong></span> <span class='ocrx_word' id='word_1_135' title='bbox 2922 2779 3155 2877; x_wconf 85' lang='lat' dir='ltr'><strong>maii,</strong></span> <span class='ocrx_word' id='word_1_136' title='bbox 3197 2778 3604 2889; x_wconf 86' lang='lat' dir='ltr'><strong>publicam</strong></span> <span class='ocrx_word' id='word_1_137' title='bbox 3636 2807 3859 2888; x_wconf 87' lang='lat' dir='ltr'><strong>pere-</strong></span> 
     </span>
     <span class='ocr_line' id='line_1_17' title="bbox 1046 2911 3899 3023; baseline 0.001 -30"><span class='ocrx_word' id='word_1_138' title='bbox 1046 2917 1598 3023; x_wconf 88' lang='lat' dir='ltr'><strong>grinacionem</strong></span> <span class='ocrx_word' id='word_1_139' title='bbox 1648 2911 1748 2993; x_wconf 86' lang='lat' dir='ltr'><strong>ad</strong></span> <span class='ocrx_word' id='word_1_140' title='bbox 1802 2913 2207 2994; x_wconf 90' lang='lat' dir='ltr'><strong>ecclesiam</strong></span> <span class='ocrx_word' id='word_1_141' title='bbox 2253 2914 2329 2993; x_wconf 94' lang='lat' dir='ltr'>N</span> <span class='ocrx_word' id='word_1_142' title='bbox 2332 2932 2551 2996; x_wconf 85' lang='lat' dir='ltr'><strong>ostre</strong></span> <span class='ocrx_word' id='word_1_143' title='bbox 2597 2916 2942 2996; x_wconf 84' lang='lat' dir='ltr'><strong>Domine</strong></span> <span class='ocrx_word' id='word_1_144' title='bbox 2997 2917 3023 2961; x_wconf 82' lang='lat'>¹</span> <span class='ocrx_word' id='word_1_145' title='bbox 3080 2916 3549 2996; x_wconf 88' lang='lat' dir='ltr'><strong>Parisiensis</strong></span> <span class='ocrx_word' id='word_1_146' title='bbox 3604 2914 3899 2997; x_wconf 76' lang='lat' dir='ltr'><strong>devo-&#39;</strong></span> 
     </span>
     <span class='ocr_line' id='line_1_18' title="bbox 1042 3054 3857 3163; baseline 0.001 -31"><span class='ocrx_word' id='word_1_147' title='bbox 1042 3054 1346 3133; x_wconf 88' lang='lat' dir='ltr'><strong>tissime</strong></span> <span class='ocrx_word' id='word_1_148' title='bbox 1382 3070 1753 3161; x_wconf 83' lang='lat' dir='ltr'><strong>egerunt,</strong></span> <span class='ocrx_word' id='word_1_149' title='bbox 1793 3069 1874 3132; x_wconf 90' lang='lat' dir='ltr'><strong>et</strong></span> <span class='ocrx_word' id='word_1_150' title='bbox 1921 3081 2021 3132; x_wconf 89' lang='lat' dir='ltr'><strong>ne</strong></span> <span class='ocrx_word' id='word_1_151' title='bbox 2063 3055 2364 3161; x_wconf 84' lang='lat' dir='ltr'><strong>ingrati</strong></span> <span class='ocrx_word' id='word_1_152' title='bbox 2402 3081 2589 3163; x_wconf 88' lang='lat' dir='ltr'><strong>erga</strong></span> <span class='ocrx_word' id='word_1_153' title='bbox 2626 3056 2884 3134; x_wconf 89' lang='lat' dir='ltr'><strong>Deum</strong></span> <span class='ocrx_word' id='word_1_154' title='bbox 2924 3056 3394 3154; x_wconf 87' lang='lat' dir='ltr'><strong>existerent,</strong></span> <span class='ocrx_word' id='word_1_155' title='bbox 3430 3058 3643 3136; x_wconf 90' lang='lat' dir='ltr'><strong>inter</strong></span> <span class='ocrx_word' id='word_1_156' title='bbox 3671 3058 3857 3135; x_wconf 90' lang='lat' dir='ltr'><strong>mis-</strong></span> 
     </span>
     <span class='ocr_line' id='line_1_19' title="bbox 1045 3188 3859 3305; baseline 0 -35"><span class='ocrx_word' id='word_1_157' title='bbox 1045 3219 1313 3270; x_wconf 88' lang='lat' dir='ltr'><strong>sarum</strong></span> <span class='ocrx_word' id='word_1_158' title='bbox 1352 3189 1823 3299; x_wconf 85' lang='lat' dir='ltr'><strong>sollempnia</strong></span> <span class='ocrx_word' id='word_1_159' title='bbox 1853 3190 2006 3299; x_wconf 89' lang='lat' dir='ltr'><strong>ipsi</strong></span> <span class='ocrx_word' id='word_1_160' title='bbox 2040 3191 2354 3299; x_wconf 80' lang='lat' dir='ltr'><strong>gracias</strong></span> <span class='ocrx_word' id='word_1_161' title='bbox 2373 3188 2939 3292; x_wconf 88' lang='lat' dir='ltr'><strong>reddiderunt,</strong></span> <span class='ocrx_word' id='word_1_162' title='bbox 2972 3191 3075 3273; x_wconf 89' lang='lat' dir='ltr'><strong>de</strong></span> <span class='ocrx_word' id='word_1_163' title='bbox 3102 3193 3330 3305; x_wconf 83' lang='lat' dir='ltr'><strong>cujus</strong></span> <span class='ocrx_word' id='word_1_164' title='bbox 3358 3221 3690 3274; x_wconf 89' lang='lat' dir='ltr'><strong>munere</strong></span> <span class='ocrx_word' id='word_1_165' title='bbox 3730 3223 3859 3273; x_wconf 88' lang='lat' dir='ltr'><strong>ve-</strong></span> 
     </span>
     <span class='ocr_line' id='line_1_20' title="bbox 1046 3324 3847 3441; baseline -0 -33"><span class='ocrx_word' id='word_1_166' title='bbox 1046 3344 1278 3408; x_wconf 89' lang='lat' dir='ltr'><strong>nerat</strong></span> <span class='ocrx_word' id='word_1_167' title='bbox 1320 3324 1542 3439; x_wconf 89' lang='lat' dir='ltr'><strong>quod</strong></span> <span class='ocrx_word' id='word_1_168' title='bbox 1574 3345 1769 3408; x_wconf 87' lang='lat' dir='ltr'><strong>tunc</strong></span> <span class='ocrx_word' id='word_1_169' title='bbox 1802 3326 2138 3406; x_wconf 88' lang='lat' dir='ltr'><strong>mortale</strong></span> <span class='ocrx_word' id='word_1_170' title='bbox 2179 3324 2608 3409; x_wconf 87' lang='lat' dir='ltr'><strong>discrimen</strong></span> <span class='ocrx_word' id='word_1_171' title='bbox 2641 3331 2872 3441; x_wconf 87' lang='lat' dir='ltr'><strong>quasi</strong></span> <span class='ocrx_word' id='word_1_172' title='bbox 2911 3329 3383 3411; x_wconf 85' lang='lat' dir='ltr'><strong>miraculose</strong></span> <span class='ocrx_word' id='word_1_173' title='bbox 3413 3348 3847 3410; x_wconf 87' lang='lat' dir='ltr'><strong>evaserant.</strong></span> 
     </span>
    </p>
   </div>
   <div class='ocr_carea' id='block_1_3' title="bbox 2022 3591 2873 3679">
    <p class='ocr_par' dir='ltr' id='par_1_4' title="bbox 2022 3591 2873 3679">
     <span class='ocr_line' id='line_1_21' title="bbox 2022 3591 2873 3679; baseline 0.001 -6"><span class='ocrx_word' id='word_1_174' title='bbox 2022 3591 2711 3677; x_wconf 79' lang='lat' dir='ltr'>CAPITULUM</span> <span class='ocrx_word' id='word_1_175' title='bbox 2774 3600 2873 3679; x_wconf 83' lang='lat' dir='ltr'><strong>V.</strong></span> 
     </span>
    </p>
   </div>
   <div class='ocr_carea' id='block_1_4' title="bbox 1847 3829 3049 3916">
    <p class='ocr_par' dir='ltr' id='par_1_5' title="bbox 1847 3829 3049 3916">
     <span class='ocr_line' id='line_1_22' title="bbox 1847 3829 3049 3916; baseline 0 -25"><span class='ocrx_word' id='word_1_176' title='bbox 1847 3830 1936 3891; x_wconf 84' lang='lat' dir='ltr'><strong>De</strong></span> <span class='ocrx_word' id='word_1_177' title='bbox 1963 3830 2343 3892; x_wconf 73' lang='lat' dir='ltr'><strong>matrimonio</strong></span> <span class='ocrx_word' id='word_1_178' title='bbox 2360 3829 2569 3892; x_wconf 79' lang='lat' dir='ltr'><strong>Karoli</strong></span> <span class='ocrx_word' id='word_1_179' title='bbox 2599 3833 2752 3916; x_wconf 78' lang='lat' dir='ltr'><strong>regis</strong></span> <span class='ocrx_word' id='word_1_180' title='bbox 2782 3832 3049 3894; x_wconf 76' lang='lat' dir='ltr'><strong>Francie.</strong></span> 
     </span>
    </p>
   </div>
   <div class='ocr_carea' id='block_1_5' title="bbox 1047 4035 3858 4843">
    <p class='ocr_par' dir='ltr' id='par_1_6' title="bbox 1047 4035 3858 4843">
     <span class='ocr_line' id='line_1_23' title="bbox 1159 4035 3855 4150; baseline 0 -34"><span class='ocrx_word' id='word_1_181' title='bbox 1159 4038 1203 4115; x_wconf 90' lang='lat' dir='ltr'><strong>J</strong></span> <span class='ocrx_word' id='word_1_182' title='bbox 1206 4065 1337 4117; x_wconf 90' lang='lat' dir='ltr'><strong>am</strong></span> <span class='ocrx_word' id='word_1_183' title='bbox 1380 4066 1406 4148; x_wconf 83' lang='lat' dir='ltr'>J</span> <span class='ocrx_word' id='word_1_184' title='bbox 1417 4035 2105 4148; x_wconf 88' lang='lat' dir='ltr'><strong>amquevidentes</strong></span> <span class='ocrx_word' id='word_1_185' title='bbox 2149 4041 2384 4148; x_wconf 87' lang='lat' dir='ltr'><strong>regni</strong></span> <span class='ocrx_word' id='word_1_186' title='bbox 2439 4041 2845 4149; x_wconf 89' lang='lat' dir='ltr'><strong>principes</strong></span> <span class='ocrx_word' id='word_1_187' title='bbox 2866 4102 2886 4140; x_wconf 88' lang='lat'>,</span> <span class='ocrx_word' id='word_1_188' title='bbox 2932 4035 3157 4150; x_wconf 90' lang='lat' dir='ltr'><strong>quod</strong></span> <span class='ocrx_word' id='word_1_189' title='bbox 3192 4063 3334 4117; x_wconf 78' lang='lat' dir='ltr'><strong>rex</strong></span> <span class='ocrx_word' id='word_1_190' title='bbox 3353 4097 3373 4135; x_wconf 88' lang='lat'>‚</span> <span class='ocrx_word' id='word_1_191' title='bbox 3416 4037 3855 4146; x_wconf 85' lang='lat' dir='ltr'><strong>juventutis</strong></span> 
     </span>
     <span class='ocr_line' id='line_1_24' title="bbox 1049 4172 3854 4283; baseline -0.001 -28"><span class='ocrx_word' id='word_1_192' title='bbox 1049 4174 1468 4255; x_wconf 86' lang='lat' dir='ltr'><strong>robustam</strong></span> <span class='ocrx_word' id='word_1_193' title='bbox 1532 4177 2073 4255; x_wconf 84' lang='lat' dir='ltr'><strong>maturitatem</strong></span> <span class='ocrx_word' id='word_1_194' title='bbox 2142 4194 2459 4277; x_wconf 87' lang='lat' dir='ltr'><strong>nactus,</strong></span> <span class='ocrx_word' id='word_1_195' title='bbox 2523 4195 2865 4257; x_wconf 77' lang='lat' dir='ltr'><strong>actenus.</strong></span> <span class='ocrx_word' id='word_1_196' title='bbox 2918 4177 3095 4256; x_wconf 86' lang='lat' dir='ltr'><strong>sine</strong></span> <span class='ocrx_word' id='word_1_197' title='bbox 3151 4174 3493 4283; x_wconf 74' lang='lat' dir='ltr'><strong>conjuge</strong></span> <span class='ocrx_word' id='word_1_198' title='bbox 3551 4172 3812 4253; x_wconf 77' lang='lat' dir='ltr'><strong>fuerat</strong></span> <span class='ocrx_word' id='word_1_199' title='bbox 3835 4235 3854 4270; x_wconf 89' lang='lat'>‚</span> 
     </span>
     <span class='ocr_line' id='line_1_25' title="bbox 1047 4312 3856 4425; baseline -0.001 -30"><span class='ocrx_word' id='word_1_200' title='bbox 1047 4332 1140 4395; x_wconf 92' lang='lat' dir='ltr'><strong>ut</strong></span> <span class='ocrx_word' id='word_1_201' title='bbox 1191 4316 1265 4393; x_wconf 88' lang='lat' dir='ltr'><strong>ei</strong></span> <span class='ocrx_word' id='word_1_202' title='bbox 1319 4313 1530 4395; x_wconf 87' lang='lat' dir='ltr'><strong>filius</strong></span> <span class='ocrx_word' id='word_1_203' title='bbox 1592 4314 1820 4395; x_wconf 88' lang='lat' dir='ltr'><strong>heres</strong></span> <span class='ocrx_word' id='word_1_204' title='bbox 1860 4312 2294 4423; x_wconf 87' lang='lat' dir='ltr'><strong>legittimus</strong></span> <span class='ocrx_word' id='word_1_205' title='bbox 2357 4317 2445 4396; x_wconf 89' lang='lat' dir='ltr'><strong>in</strong></span> <span class='ocrx_word' id='word_1_206' title='bbox 2507 4345 2846 4425; x_wconf 89' lang='lat' dir='ltr'><strong>regnum</strong></span> <span class='ocrx_word' id='word_1_207' title='bbox 2891 4312 3349 4396; x_wconf 89' lang='lat' dir='ltr'><strong>succederet</strong></span> <span class='ocrx_word' id='word_1_208' title='bbox 3372 4376 3391 4413; x_wconf 88' lang='lat'>‚</span> <span class='ocrx_word' id='word_1_209' title='bbox 3450 4342 3631 4395; x_wconf 88' lang='lat' dir='ltr'><strong>cum</strong></span> <span class='ocrx_word' id='word_1_210' title='bbox 3686 4317 3856 4423; x_wconf 84' lang='lat' dir='ltr'><strong>ejus</strong></span> 
     </span>
     <span class='ocr_line' id='line_1_26' title="bbox 1048 4451 3855 4562; baseline -0.002 -28"><span class='ocrx_word' id='word_1_211' title='bbox 1048 4455 1357 4562; x_wconf 87' lang='lat' dir='ltr'><strong>patruis</strong></span> <span class='ocrx_word' id='word_1_212' title='bbox 1409 4471 1487 4531; x_wconf 89' lang='lat' dir='ltr'><strong>et</strong></span> <span class='ocrx_word' id='word_1_213' title='bbox 1537 4453 1895 4561; x_wconf 89' lang='lat' dir='ltr'><strong>cognatis</strong></span> <span class='ocrx_word' id='word_1_214' title='bbox 1948 4454 2372 4536; x_wconf 89' lang='lat' dir='ltr'><strong>consilium</strong></span> <span class='ocrx_word' id='word_1_215' title='bbox 2430 4454 2790 4534; x_wconf 89' lang='lat' dir='ltr'><strong>inierunt</strong></span> <span class='ocrx_word' id='word_1_216' title='bbox 2815 4516 2834 4554; x_wconf 92' lang='lat'>,</span> <span class='ocrx_word' id='word_1_217' title='bbox 2905 4472 3015 4534; x_wconf 85' lang='lat' dir='ltr'><strong>ut·</strong></span> <span class='ocrx_word' id='word_1_218' title='bbox 3044 4455 3119 4533; x_wconf 90' lang='lat' dir='ltr'><strong>ei</strong></span> <span class='ocrx_word' id='word_1_219' title='bbox 3180 4451 3281 4533; x_wconf 88' lang='lat' dir='ltr'><strong>de</strong></span> <span class='ocrx_word' id='word_1_220' title='bbox 3336 4453 3855 4533; x_wconf 87' lang='lat' dir='ltr'><strong>matrimonio</strong></span> 
     </span>
     <span class='ocr_line' id='line_1_27' title="bbox 1049 4576 3857 4702; baseline -0.001 -32"><span class='ocrx_word' id='word_1_221' title='bbox 1049 4587 1610 4702; x_wconf 86' lang='lat' dir='ltr'><strong>provideretur</strong></span> <span class='ocrx_word' id='word_1_222' title='bbox 1658 4576 2028 4671; x_wconf 88' lang='lat' dir='ltr'><strong>honest0.</strong></span> <span class='ocrx_word' id='word_1_223' title='bbox 2081 4590 2315 4674; x_wconf 89' lang='lat' dir='ltr'><strong>Tunc</strong></span> <span class='ocrx_word' id='word_1_224' title='bbox 2369 4592 2576 4674; x_wconf 82' lang='lat' dir='ltr'><strong>facta</strong></span> <span class='ocrx_word' id='word_1_225' title='bbox 2625 4610 2744 4676; x_wconf 89' lang='lat' dir='ltr'><strong>est</strong></span> <span class='ocrx_word' id='word_1_226' title='bbox 2801 4611 3176 4673; x_wconf 89' lang='lat' dir='ltr'><strong>votorum</strong></span> <span class='ocrx_word' id='word_1_227' title='bbox 3226 4589 3732 4671; x_wconf 86' lang='lat' dir='ltr'><strong>dissonancia</strong></span> <span class='ocrx_word' id='word_1_228' title='bbox 3780 4605 3857 4666; x_wconf 88' lang='lat' dir='ltr'><strong>et</strong></span> 
     </span>
     <span class='ocr_line' id='line_1_28' title="bbox 1052 4721 3858 4843; baseline -0.002 -36"><span class='ocrx_word' id='word_1_229' title='bbox 1052 4727 1599 4809; x_wconf 89' lang='lat' dir='ltr'><strong>assistencium</strong></span> <span class='ocrx_word' id='word_1_230' title='bbox 1628 4730 1858 4843; x_wconf 88' lang='lat' dir='ltr'><strong>quasi</strong></span> <span class='ocrx_word' id='word_1_231' title='bbox 1884 4724 2373 4827; x_wconf 85' lang='lat' dir='ltr'><strong>desiderium</strong></span> <span class='ocrx_word' id='word_1_232' title='bbox 2405 4732 2907 4843; x_wconf 89' lang='lat' dir='ltr'><strong>tripartitum</strong></span> <span class='ocrx_word' id='word_1_233' title='bbox 2931 4793 2951 4831; x_wconf 91' lang='lat'>‚</span> <span class='ocrx_word' id='word_1_234' title='bbox 2983 4758 3165 4811; x_wconf 88' lang='lat' dir='ltr'><strong>cum</strong></span> <span class='ocrx_word' id='word_1_235' title='bbox 3197 4726 3363 4809; x_wconf 84' lang='lat' dir='ltr'><strong>dux</strong></span> <span class='ocrx_word' id='word_1_236' title='bbox 3394 4721 3858 4833; x_wconf 85' lang='lat' dir='ltr'><strong>Burgundie</strong></span> 
     </span>
    </p>
   </div>
   <div class='ocr_carea' id='block_1_6' title="bbox 1083 4930 2418 5011">
    <p class='ocr_par' dir='ltr' id='par_1_7' title="bbox 1083 4930 2418 5011">
     <span class='ocr_line' id='line_1_29' title="bbox 1083 4930 2418 5011; baseline 0.007 -24"><span class='ocrx_word' id='word_1_237' title='bbox 1083 4930 2418 5011; x_wconf 44' lang='lat' dir='ltr'><strong>„1Var.2n⁰⁵960;fd.62r.‘,beateuane.</strong></span> 
     </span>
    </p>
   </div>
  </div>
 </body>
</html>
