4666 6014
1041 687 1181 757 558
1493 673 2171 757 CHRONICORUM
2222 680 2577 758 KAROLI
2627 680 2911 754 sEx'n
2961 683 3137 755 LIB.
3191 682 3328 754 IX.

1037 867 1075 906 c<
1118 832 1405 911 ctissime
1429 832 1863 940 poscebant
1891 833 2257 913 constitui
2290 831 2438 912 sibi
2466 860 2749 940 regem.
2800 832 3172 933 Quorum
3209 831 3656 942 exemplum
3697 861 3813 912 se-

1035 1004 1071 1043 «
1112 970 1366 1077 quuti,
1399 985 1582 1077 post
1610 969 1948 1049 multum
1969 983 2420 1079 temporum
2447 998 2764 1072 cursum
2782 1032 2800 1067 ,
2836 970 3174 1079 majores
3204 971 3460 1049 nostri
3479 967 3812 1076 Trojani

1036 1139 1071 1179 «
1111 1107 1368 1184 virum
1430 1105 1792 1186 moribus
1854 1125 1933 1187 et
1984 1104 2382 1186 industria
2430 1107 2821 1215 insignem
2878 1104 3523 1186 pharamundum
3576 1133 3812 1214 super

1032 1278 1069 1316 «
1110 1272 1190 1322 se
1242 1259 1728 1340 statuerunt3
1773 1272 1871 1323 ex
1922 1274 2082 1354 quo
2132 1246 2538 1355 principes
2593 1244 2994 1354 magnifici
3037 1260 3632 1354 processerunt,
3671 1246 3810 1354 qui

1031 1417 1068 1455 «
1111 1383 1265 1471 hoc
1308 1383 1480 1460 Deo
1520 1380 1856 1462 amabile
1894 1405 2227 1492 regnum
2269 1384 2576 1494 legibus
2618 1386 3135 1481 instruentes,
3176 1375 3372 1462 fines
3412 1383 3582 1493 ejus
3612 1378 3811 1460 dila-

894 1587 903 1595 .
1031 1553 1067 1592 <c
1109 1535 1475 1598 taverunt
1544 1548 1727 1599 cum
1790 1524 2249 1629 prepotenti
2324 1518 2650 1619 dextera
2675 1583 2695 1620 ,
2754 1519 3009 1604 donec
3065 1519 3168 1600 ad
3226 1521 3812 1600 serenissimum

1030 1689 1067 1728 ‹<
1107 1681 1373 1766 regem
1414 1655 1544 1734 hic
1582 1674 2026 1762 presentem
2057 1658 2235 1765 jure
2281 1660 2800 1740 successionis
2841 1655 3178 1738 devenit.
3225 1658 3300 1735 N
3302 1685 3412 1736 on
3452 1656 3811 1763 palpanti

1030 1826 1075 1880 (ι,
1109 1788 1573 1870 adulacione
1597 1788 1881 1872 ductus
1913 1789 2175 1874 dicam
2206 1795 2471 1900 ipsum
2504 1810 2585 1874 et
2616 1810 2844 1873 tanto
2876 1795 3186 1873 honore
3213 1791 3572 1900 dignum.
3607 1793 3810 1872 Nam

1030 1963 1065 2000 α
1107 1930 1220 2006 sic
1246 1943 1528 2007 nature
1557 1925 1884 2008 dotibus
1916 1927 2132 2009 hunc
2162 1928 2507 2009 ditatum
2542 1932 3075 2039 conspicimus
3096 1992 3115 2029 ,
3149 1959 3247 2010 ex
3278 1930 3574 2038 quibus
3597 1927 3813 2008 velut

1031 2102 1068 2140 ε(
1109 2094 1413 2146 summe
1455 2068 1968 2175 ingenuitatis
2022 2068 2333 2177 juvenis
2395 2067 2632 2148 flores
2680 2097 2997 2149 morum
3048 2069 3487 2176 gratissime
3531 2047 3811 2175 juven-

1030 2236 1067 2276 «
1107 2205 1301 2282 tutis
1362 2201 1809 2283 odoriferos
1860 2205 2187 2302 emittit,
2251 2206 2863 2312 progenitorum
2923 2223 3002 2284 et
3058 2207 3306 2314 patris
3349 2204 3677 2310 vestigia
3728 2206 3810 2281 in

1024 2374 1061 2412 «
1103 2341 1430 2418 veritate
1469 2344 1581 2418 sic
1633 2338 1947 2418 videtur
1998 2336 2518 2445 portendere,
2579 2358 2671 2419 ut
2722 2342 2806 2418 in
2863 2368 2948 2419 se
3005 2335 3405 2448 refulgens
3463 2337 3809 2446 dignitas

1029 2511 1065 2547 «
1108 2479 1412 2555 cunctis
1480 2472 2085 2556 advenientibus
2144 2472 2244 2555 de
2303 2478 2517 2583 regia
2562 2477 2970 2582 majestate
3031 2493 3331 2584 prestet
3399 2473 3807 2554 indicium.

1032 2646 1070 2683 «
1112 2611 1288 2690 ,lam
1338 2612 1506 2719 ejus
1564 2611 2211 2719 vigilantissimus
2263 2614 2615 2708 animus,
2673 2609 3006 2690 colendo
3050 2611 3338 2691 limites
3391 2613 3762 2722 equitatis
3789 2673 3809 2709 ,

1033 2783 1069 2822 «
1113 2749 1225 2827 nil
1261 2749 1702 2830 inconsulte
1743 2767 1879 2827 aut
1907 2776 2003 2827 ex
2033 2750 2406 2857 precipiti
2437 2776 2669 2858 agere
2701 2751 3148 2848 consuevit,
3189 2748 3329 2829 sed
3364 2749 3477 2828 illi
3518 2766 3598 2829 et
3629 2777 3808 2859 pre·

1032 2921 1068 2959 «
1111 2888 1369 2965 sencia
1437 2904 1660 2965 caute
1719 2882 2144 2992 disponere
2167 2946 2186 2983 ,
2256 2903 2337 2965 et
2404 2914 2503 2965 ex
2569 2887 3072 2993 presentibus
3141 2887 3414 2966 futura
3479 2886 3811 2966 sollicite

1036 3058 1073 3096 ‹<
1112 3025 1565 3131 premetiri;
1620 3040 1700 3102 et
1758 3024 2115 3132 quamvis
2166 3024 2333 3134 jam
2373 3024 2850 3105 assuefactus
2903 3021 3005 3103 ad
3064 3024 3378 3104 labores
3432 3024 3811 3103 militares

1037 3193 1074 3232 «
1114 3177 1193 3238 et
1231 3159 1598 3240 bellicosa
1646 3187 1891 3269 opera
1945 3156 2350 3259 videatur,
2412 3160 2565 3241 hoc
2624 3180 2887 3241 tamen
2943 3188 3247 3241 summe
3291 3178 3660 3260 conatur,
3723 3177 3811 3240 ut

1039 3331 1075 3369 (ε
1114 3323 1281 3377 non
1330 3299 1580 3404 magis
1628 3296 1931 3376 viribus
1980 3325 2217 3407 quam
2260 3296 2693 3407 prudencia
2748 3299 3014 3380 hostes
3057 3316 3324 3408 posset
3358 3314 3805 3393 conterere,

1041 3469 1077 3507 «
1118 3452 1199 3513 et
1245 3463 1583 3546 regnum
1621 3463 1848 3514 suum
1882 3432 2293 3542 productis
2337 3434 2632 3515 finibus
2678 3435 3079 3544 ampliare.
3127 3435 3330 3515 Cum
3359 3452 3622 3513 autem
3657 3430 3809 3512 sibi

1039 3607 1076 3645 «
1121 3571 1236 3653 nil
1286 3570 1492 3651 desit
1549 3569 1767 3680 quod
1811 3569 2082 3652 deceat
2124 3575 2427 3681 regiam
2472 3573 2956 3680 majestatem
2980 3635 2998 3670 ‚
3051 3600 3193 3681 per
3235 3588 3814 3662 sacramentum,

1039 3745 1075 3787 α
1116 3709 1552 3810 fidelitatis,
1621 3716 1781 3820 qu'o
1841 3714 2266 3820 astringor,
2321 3715 2583 3821 ipsum
2629 3741 2889 3793 assero
2931 3711 3302 3821 deinceps
3351 3711 3588 3791 tutela
3644 3737 3810 3791 non

1040 3847 1516 3955 «indigere,
1579 3847 1716 3927 sed
1774 3876 1918 3955 per
1984 3851 2328 3957 seipsum
2372 3848 2663 3930 debere
2720 3849 3006 3929 milicie
3047 3848 3424 3957 domique
3484 3846 3811 3955 negocia

1039 4018 1077 4058 α
1117 3983 1552 4083 moderari3
1599 3985 1839 4096 idque
1892 4005 2253 4067 sanctum
2299 4004 2378 4067 et
2421 3987 2611 4069 utile
2648 3988 2976 4067 consulo
3008 3983 3697 4066 determinandum
3731 4003 3812 4064 et

1041 4153 1080 4193 t
1118 4150 1167 4200 a
1243 4124 1549 4202 cunctis
1633 4124 2185 4205 assistentibus
2265 4121 2880 4232 approbandum
2905 4184 2925 4222 ,
2988 4143 3413 4239 antequam
3485 4148 3812 4230 progre-

1043 4290 1081 4331 κ
1122 4255 1388 4338 diatnr
1420 4259 1769 4343 ulterius.
1808 4292 1846 4335 3>
