4666 6014
1117 633 1252 706 ue
1598 627 2281 702 cunomconuu
2330 626 2687 701 mou
2711 586 3022 702 stim
3070 629 3247 703 m.
3301 629 3394 702 n.

1115 796 1607 888 wantequam
1646 779 1919 857 comiti
1958 804 2194 884 opem
2241 776 2502 857 ferant
2526 839 2544 874 ‚
2600 776 2970 858 eumdem
3009 804 3268 890 usque
3310 776 3414 858 ad
3453 793 3893 859 extremmn

1114 952 1151 991 α
1194 915 1453 997 modis
1494 914 1870 995 omnibus
1911 942 2502 1026 persequamur.
2543 914 2668 995 Ad
2718 914 2801 994 id
2837 918 3083 1024 igitur
3129 917 3535 1027 egregium
3582 916 3892 999 facinus

1113 1089 1149 1127 «
1192 1044 1814 1162 perpetrandum
1892 1053 2375 1135 unanimiter
2439 1054 2815 1150 accincti,
2890 1081 3016 1133 me
3077 1051 3357 1133 ducem
3419 1056 3886 1166 sequamini.

1114 1225 1149 1263 <c
1193 1188 1358 1269 Vos
1406 1188 1610 1268 facta
1644 1217 1817 1269 mea
1869 1217 2035 1303 non
2077 1185 2289 1301 dicta
2335 1192 2555 1301 sequi
2596 1189 2812 1287 vole,
2850 1217 2997 1270 nec
3027 1174 3529 1299 disciplinam
3571 1190 3813 1270 modo
3846 1219 3891 1268 a

1113 1364 1149 1401 «
1192 1356 1317 1408 me
1358 1346 1671 1438 petere,
1714 1326 1852 1407 sed
1901 1328 2395 1437 exemplum3
2437 1326 2786 1440 dumque
2826 1298 3144 1437 tempus
3187 1327 3508 1408 affuerit
3527 1389 3545 1425 ‚
3596 1345 3890 1439 quanta

1112 1499 1148 1538 (ι
1188 1467 1570 1577 cujusque
1601 1466 1869 1545 animo
1903 1463 2234 1545 audacia
2274 1466 2520 1563 inest,
2555 1483 2748 1549 tuuc
2777 1483 3083 1575 pateat,
3129 1482 3221 1547 ut
3247 1466 3480 1546 sicin
3510 1468 3783 1576 requie
3813 1484 3893 1546 et

1114 1636 1149 1677 ‹<
1190 1602 1805 1712 transquillitate
1835 1601 2392 1710 temporalium
2434 1602 2809 1711 opulenta
2852 1620 3254 1714 perpetuo
3280 1603 3688 1687 maneatis.
3720 1637 3760 1677 2>

1223 2480 1496 2567 Sermo
1540 2486 1800 2565 bonus
1836 2489 2216 2595 omnique
2264 2485 2728 2590 accepcione
2774 2480 3068 2589 dignus
3118 2481 3199 2559 in
3243 2483 3490 2563 oculis
3530 2487 3890 2566 assisten-
3978 2510 3986 2516 ·

1115 2626 1322 2704 cium
1346 2685 1364 2720 ,
1409 2621 1857 2733 quibusque
1886 2619 2337 2726 divulgatus
2370 2636 2530 2715 est,
2572 2620 2781 2698 visus
2821 2616 2998 2697 fuit.
3038 2619 3142 2699 Et
3175 2646 3353 2698 cum
3397 2621 3511 2698 nil
3546 2622 3761 2702 aliud
3805 2627 3887 2701 in

1111 2790 1247 2839 ore
1279 2787 1557 2839 eorum
1595 2775 2038 2853 resonaret,
2081 2756 2236 2837 nisi
2276 2755 2517 2835 cicius
2565 2754 2758 2835 velle
2806 2771 2887 2834 et
2927 2752 3373 2836 desiderare
3407 2746 3613 2836 mori
3650 2786 3889 2869 quam

1110 2898 1556 2978 libertatem
1611 2892 1945 3002 perdere
2003 2920 2179 2974 cum
2242 2894 2476 3002 ipsis,
2544 2893 2817 2973 favore
2869 2891 3402 2991 multitudinis
3457 2915 3888 2994 crescente,

1111 3034 1573 3142 Philippum
1635 3032 1961 3112 summis
2017 3030 2386 3114 laudibus
2443 3031 2791 3120 efferunt
2813 3093 2832 3130 ‚
2892 3048 3002 3130 et,
3069 3031 3287 3144 quod
3349 3050 3574 3141 pater
3631 3053 3890 3113 morte

1109 3187 1407 3252 emerat
1424 3231 1442 3268 ‚
1508 3168 1916 3250 custodem
1974 3188 2054 3250 et
2117 3187 2500 3252 rectorem
2568 3171 3067 3250 constituunt
3125 3170 3380 3250 tocius
3445 3173 3884 3251 comitatus,

1107 3308 1367 3387 Tanta
1398 3309 1868 3388 auctoritate
1897 3307 2200 3415 potitus
2219 3367 2239 3404 ,
2274 3308 2440 3417 jam
2473 3307 2638 3415 agit
2665 3324 2954 3386 cuncta
2986 3303 3406 3404 fidencius,
3440 3325 3521 3387 et
3551 3310 3888 3398 nuncios

1108 3442 1206 3524 ad
1251 3447 1463 3524 varia
1514 3444 1688 3524 loca
1748 3444 2035 3540 mittit,
2076 3442 2384 3553 quibus
2437 3460 2764 3551 paretur
2813 3444 3312 3551 prompcius;
3359 3443 3609 3555 fitque
3663 3442 3882 3524 brevi

1107 3599 1197 3661 ut
1229 3611 1488 3662 secum
1530 3580 1711 3660 ville
1751 3579 2141 3679 notande‚
2183 3578 2546 3660 videlicet
2588 3580 3095 3660 Courtriacus
3120 3643 3138 3679 ‚
3184 3579 3567 3661 Grandus
3618 3580 3884 3676 Μοηε,

1110 3719 1553 3826 Menetoye,
1614 3715 2117 3797 Deremonde
2137 3780 2155 3815 ‚
2225 3716 2806 3827 Rupelmonde,
2871 3716 3127 3816 Alost,
3194 3718 3467 3816 Hulst‚
3523 3718 3888 3797 Biervliet

1107 3885 1284 3934 cum
1315 3872 1491 3934 toto
1522 3855 1834 3934 Franco
1862 3857 2351 3938 unanimiter
2378 3855 2916 3965 conjurarent.
2944 3855 3064 3935 Ex
3095 3855 3247 3935 hiis
3276 3853 3480 3933 villis
3508 3855 3879 3949 ruricole,

1107 3990 1434 4072 dimisso
1466 3990 1942 4100 agriculture
1974 3991 2282 4091 studi0‚
2322 3992 2643 4104 reliqui,
2676 3991 3202 4100 ignobilitatis
3235 3992 3771 4086 immemoreS,
3805 4007 3884 4068 et

1106 4129 1500 4210 manualia
1532 4156 1777 4237 opera
1812 4147 2177 4241 artesque
2222 4129 2716 4210 mechanicas
2751 4113 3232 4226 deserentes,
3278 4125 3379 4206 ad
3412 4128 3882 4207 exercicium

1108 4265 1394 4346 milicie
1437 4267 1753 4375 penitus
1793 4295 1876 4348 se
1916 4284 2508 4348 converterunt.
2779 4251 2786 4260 ¹
3547 4271 3562 4290 '
