4666 6014
1130 682 1269 751 400
1614 675 2297 752 CHRONICORUM
2349 676 2705 751 KAROLI
2756 676 3041 752 SEXTI
3091 680 3269 752 LlB.
3325 675 3417 752 11.

1013 936 1021 947 1
1120 858 1305 938 sepe
1353 829 1634 908 crebra
1681 831 2028 908 convivia
2056 834 2079 873 ¹
2128 831 2593 911 celebrabat
2635 860 2803 911 non
2846 833 3018 911 sine
3059 831 3283 912 fluxu
3323 859 3785 928 munerum;
3837 846 3916 910 et

1125 964 1774 1075 prodigalitatem
1819 996 1964 1077 pre
2006 971 2311 1049 cunctis
2356 969 2983 1075 amplectabatur
3020 968 3474 1048 virtutibus.
3518 968 3646 1048 Sic
3697 997 3923 1048 carus

1126 1102 1279 1182 illis
1325 1103 1692 1204 effectus,
1730 1108 1870 1216 qui
1922 1109 2092 1214 regi
2144 1107 2613 1186 familiarius
2664 1106 3151 1204 serviebant,
3206 1108 3291 1185 in
3344 1106 3567 1185 brevi
3607 1109 3719 1186 sic
3766 1106 3924 1185 sibi

1127 1239 1649 1322 domesticum
1700 1241 2264 1343 reddiderunt,
2303 1242 2528 1353 quod
2578 1244 2845 1354 sepius
2874 1243 3044 1354 ejus
3085 1241 3447 1323 dextram
3483 1243 3835 1322 obeundo
3866 1245 3921 1336 ²,

1125 1410 1307 1460 cum
1346 1410 1440 1460 eo
1486 1399 1848 1461 mutuum
1898 1400 1976 1461 et
2027 1383 2430 1491 singulare
2479 1369 2814 1462 haberet
2852 1379 3382 1491 colloquium,
3424 1380 3922 1490 publicisque

1122 1548 1211 1598 ac
1258 1519 1591 1627 privatis
1632 1517 1984 1599 consiliis
2036 1521 2481 1600 interesset.

1243 1656 1358 1734 Ex
1391 1684 1554 1773 quo
1597 1673 1899 1755 tamen,
1933 1658 2211 1736 matris
2240 1657 2572 1737 urbium
2603 1660 2874 1767 regni,
2927 1657 3106 1736 ville
3148 1657 3609 1737 Parisiensis
3661 1675 3925 1737 rector

1127 1812 1207 1873 et
1247 1796 1705 1903 capitaneus
1738 1794 2205 1903 principalis
2249 1797 2735 1875 constitutus
2776 1813 2896 1874 est
2937 1826 2977 1874 a
3015 1823 3235 1904 rege,
3270 1825 3506 1904 quem
3546 1798 3735 1906 quia
3770 1798 3924 1874 mi—

1122 1933 1337 2011 nime
1370 1931 1798 2041 ignorabat
1829 1933 1915 2008 in
1944 1930 2508 2012 construendis
2546 1930 2814 2042 opidis
2845 1961 2936 2011 ac
2969 1934 3424 2013 civitatibus
3450 1931 3927 2012 decorandis

1128 2099 1431 2150 summe
1464 2067 1875 2167 delectari,
1924 2069 2078 2148 sibi
2123 2073 2455 2179 cupiens
2483 2071 3014 2179 complacere,
3065 2101 3162 2151 ex
3198 2074 3441 2151 tercia
3480 2089 3707 2179 parte
3736 2070 3924 2150 sub-

1127 2205 1516 2287 sidiorum
1560 2206 1742 2285 ville
1783 2207 2219 2287 liberaliter
2255 2210 2620 2308 remissa,
2666 2236 2837 2288 eam
2878 2209 3286 2289 nonnullis
3328 2207 3667 2316 publicis
3700 2206 3923 2288 edifi—

1130 2347 1270 2424 ciis
1310 2373 1750 2443 exornam,
1797 2363 1884 2425 ut
1924 2374 2066 2454 per
2099 2340 2786 2426 ambitum'muris
2820 2344 3098 2426 solidis
3138 2349 3625 2454 cingeretur,
3669 2375 3923 2456 prope

1127 2501 1446 2591 portam
1492 2484 1748 2562 sancti
1784 2484 2122 2562 Antonii
2175 2513 2266 2563 ac
2299 2485 2701 2592 Luparam
2744 2484 3005 2592 prima
3036 2485 3338 2594 jaciens
3371 2481 3920 2580 fundamenta,

1082 2706 1088 2712 ,
1127 2639 1464 2733 utraque
1526 2623 1777 2701 eciam
1841 2621 2091 2700 latera
2169 2620 2469 2700 Secane
2540 2619 2763 2701 fluvii
2819 2623 3068 2701 muris
3132 2619 3469 2731 lapideis
3544 2624 3628 2700 in
3701 2640 3925 2731 parte

1126 2761 1470 2843 maxima
1516 2759 1818 2838 clausit.
1871 2758 2178 2838 Meatus
2221 2757 2654 2839 artificiose
2702 2777 2782 2839 et
2836 2760 3396 2839 subterraneas
3437 2759 3924 2839 catharactas

1130 2901 1336 2978 circa
1379 2897 1772 2979 convalles
1805 2917 1885 2976 et
1942 2896 2219 2977 infima
2269 2897 2490 2977 urbis
2528 2898 2700 2977 loca
2755 2900 3240 3009 composuit,
3278 2927 3423 3007 per
3476 2926 3672 3011 quas
3727 2925 3928 3010 aque

1130 3037 1508 3148 pluviales
1548 3035 2103 3137 decurrerent,
2144 3056 2236 3117 ut
2267 3067 2412 3147 per
2448 3067 2721 3117 earum
2745 3038 3141 3118 lavacrum
3177 3055 3547 3146 congeste
3577 3040 3923 3118 immun-

1122 3172 1337 3254 'dicie
1390 3176 1912 3256 eveherentur
1966 3173 2067 3254 ad
2119 3174 2878 3287 circumadjacencia
2911 3195 3166 3286 prata.
3214 3178 3545 3256 Pontem
3589 3205 3923 3272 novum,

1132 3318 1271 3425 qui
1316 3317 1569 3394 sancti
1598 3315 2005 3395 Michaelis
2039 3311 2361 3414 dicitur,
2402 3313 2738 3424 lapideis
2770 3315 3218 3423 columpnis
3250 3334 3329 3395 et
3384 3316 3723 3395 arcubus
3764 3345 3927 3395 sus-

1133 3469 1526 3531 tentatum
1555 3514 1574 3549 ,
1626 3450 2059 3563 eademque
2089 3455 2417 3531 materia
2453 3453 2965 3534 Castelletum
3006 3453 3234 3532 Parvi
3272 3454 3552 3531 Pontis
3594 3481 3773 3531 cum
3809 3454 3927 3530 in-

1133 3592 1351 3697 genti
1387 3589 1660 3669 labore
1696 3606 1776 3668 et
1816 3588 1986 3670 fere
2031 3589 2705 3671 inestimabilibus
2753 3619 2869 3700 ex]

1131 3723 1675 3805 festinandum
1730 3754 1974 3835 opera
2012 3746 2450 3808 memorata
2472 3791 2489 3826 ,
2534 3746 2869 3840 quotqu‹

1139 3866 1226 3942 in
1251 3864 1451 3943 urbe
1472 3893 1748 3945 vacare
1779 3885 2135 3964 noverat,
2163 3866 2313 3945 sub
2339 3868 2714 3946 carcerali
2750 3894 2869 3976 pel

1138 4000 1427 4113 Sicque
1483 4001 1852 4111 policiam
1909 4003 2273 4083 moribus
2323 4022 2404 4083 et
2441 4065 2842 4085 .......

1140 4138 1350 4247 regis
1392 4167 1481 4218 ac
1514 4138 1772 4248 plebis
1809 4138 1891 4219 fa

1138 4273 1423 4356 lendus
1471 4305 1562 4356 ac
1599 4295 1893 4357 metuet

1142 4416 1832 4495 conversacionem
1890 4452 1893 4491 ;
2855 4431 3250 4494 ·im1n1bus
3291 4431 3775 4493 maculasset.

1217 4634 1231 4655 ¹
1270 4623 1533 4678 Convivia
1551 4631 1637 4677 est
1658 4639 1893 4695 emprun
2855 4642 2873 4678 ι
2892 4622 2965 4679 ici
2983 4621 3119 4677 dans
3145 4620 3197 4676 le
3223 4630 3285 4678 n·
3307 4619 3478 4697 5958,
3510 4620 3607 4676 fol.
3635 4635 3694 4673 ια
3724 4637 3793 4684 r.‚
3819 4634 3929 4669 une

1142 4728 1188 4764 r.
1217 4710 1291 4764 Le
1312 4706 1570 4784 1105958,
1599 4707 1699 4763 fol.
1726 4724 1789 4764 12
1812 4726 1885 4778 r.,
2857 4728 2937 4766 un
2962 4727 3038 4767 ou
3062 4707 3209 4767 deux
3243 4718 3418 4777 mom,
3448 4707 3549 4781 qui
3572 4703 3803 4760 n’existe
3832 4719 3928 4775 pas

1227 4802 1244 4824 ²
1283 4792 1553 4851 Obeundo
1579 4804 1663 4849 est
1693 4812 1891 4869 empru
2855 4795 3060 4872 ›5960,
3090 4795 3186 4852 sol.
3216 4792 3285 4851 38
3312 4815 3361 4850 r.

1143 4880 1279 4938 3812
1302 4882 1373 4937 Le
1409 4892 1469 4935 n‘·
1485 4878 1654 4954 5958,
1684 4880 1777 4937 fol.
1805 4899 1893 4937 121
