4666 6014
990 576 1134 644 422
1447 564 2129 642 CHRONICORUM
2179 561 2534 640 mom
2585 563 2870 644 SEX'H
2900 565 3086 642 :LIB.
3142 564 3301 641 Vll.

987 748 1174 800 eum
1229 714 1655 798 accedebat
1707 730 1979 824 preter
2033 712 2359 793 solitum
2385 775 2405 810 ‚
2465 730 2546 794 et
2607 714 2859 822 glorie
2899 743 3038 796 sue
3091 714 3495 800 ascribens
3553 719 3775 829 quod

989 855 1190 935 nulli
1265 850 1914 962 predecessorum
1988 878 2313 932 suorum
2383 851 2687 931 sciebat
2764 849 3143 934 accidisse
3160 843 3210 951 ‚⁹
3244 855 3601 935 nominis
3653 858 3775 936 sui

992 994 1242 1074 odore
1298 993 1520 1072 bono
1573 1008 1655 1070 et
1708 1018 2047 1098 operum
2095 1006 2396 1072 tractus
2454 987 2918 1100 flagramia,
2975 986 3167 1069 inde
3224 988 3776 1073 advenientem

990 1129 1412 1238 multiplici
1481 1128 1795 1222 honore
1871 1127 2200 1235 cupiens
2264 1128 2685 1234 prevenire
2717 1188 2737 1225 ,
2830 1126 2985 1237 maj
2996 1154 3174 1206 ores
3204 1144 3221 1158 ·
3245 1124 3532 1235 palacii
3596 1158 3774 1208 cum

989 1267 1340 1350 maximo
1415 1263 1832 1344 curialium
1893 1289 2230 1342 numero
2289 1260 2449 1341 sibi
2504 1259 2802 1348 direxit
2860 1260 3181 1344 obviam
3201 1323 3220 1359 ‚
3283 1255 3776 1378 propiusque

992 1400 1393 1483 accedenti
1439 1400 1965 1509 personaliter
2033 1400 2384 1478 occurrit
2443 1426 2625 1477 cum
2677 1398 3028 1498 maximo
3088 1399 3502 1507 equitatu3
3559 1401 3778 1510 pacis

993 1540 1348 1620 osculum
1412 1537 1835 1649 debiteque
1885 1537 2395 1616 salutacionis
2456 1535 2789 1642 affatum
2855 1562 3036 1636 cum
3106 1535 3355 1620 multa
3415 1535 3782 1643 humani·

993 1695 1154 1755 tate
1197 1671 1692 1783 dependenS,
1743 1674 1991 1753 verbo
2035 1690 2116 1752 et
2161 1671 2387 1753 vultu
2432 1671 2910 1779 significavit
2961 1700 3144 1751 cum
3186 1672 3433 1751 multa
3490 1673 3780 1751 mentis

923 1885 930 1894 .
995 1812 1417 1920 hylaritate
1481 1838 1713 1892 suum
1766 1811 2199 1918 suscepisse
2229 1807 2693 1908 adventum3
2726 1825 2824 1889 et
2883 1811 2971 1890 in
3022 1805 3453 1894 Londonia
3504 1835 3782 1917 excep·

993 1968 1167 2028 tum
1213 1945 1578 2057 hospicio
1595 2009 1614 2045 ‚
1666 1948 2120 2028 successivis
2171 1944 2455 2025 diebus
2514 1946 2726 2024 comi
2760 1944 3034 2029 *fronte
3077 1946 3241 2062 ipsi·
3274 1961 3551 2024 mutua
3592 1971 3781 2023 con-

994 2084 1196 2164 vivia
1258 2081 1682 2163 celebravit
1702 2144 1721 2180 ,
1790 2084 1876 2161 in
1923 2082 2218 2193 quibus
2249 2080 2558 2167 vultum
2598 2082 3041 2189 benignum
3095 2098 3174 2161 et
3221 2067 3565 2191 alloquia
3606 2078 3781 2160 dul-

994 2223 1112 2298 cia
1168 2236 1445 2330 sequta
1493 2235 1704 2301 sunt.

1949 2429 2620 2514 CAPITULUM
2685 2435 2808 2510 11.

1413 2667 1648 2727 Frustra
1674 2686 1776 2725 rex
1807 2668 2079 2730 Armenie
2107 2688 2312 2747 pacem
2341 2683 2584 2730 conatur
2608 2668 2955 2752 persuadere
2985 2671 3136 2738 inter
3166 2689 3349 2750 reges.

1109 2894 1497 2979 Nundum
1524 2907 1796 2977 tamen-
1824 2914 2102 2979 exacto
2137 2898 2540 2981 novendio
2560 2961 2581 2999 ‚
2616 2901 3005 3013 quoniam-
3029 2927 3172 2980 rex
3214 2900 3591 2994 Armenie
3616 2899 3781 3009 jam

995 3035 1373 3116 molestus
1430 3052 1602 3131 erat
1660 3035 2082 3142 regnicolis
2099 3098 2118 3135 ,
2179 3065 2361 3117 cum
2411 3038 2650 3118 niuiis
2692 3038 3023 3117 Francis
3076 3035 3377 3117 faveret
3394 3098 3413 3135 ,
3462 3037 3548 3115 in
3602 3054 3781 3115 cetu

997 3173 1425 3252 illustrium
1471 3172 1623 3279 ipsi
1668 3169 1874 3251 facta
1905 3171 2287 3283 loquendi
2328 3176 2593 3282 gracia
2618 3235 2637 3271 ,
2690 3191 2769 3252 et
2804 3171 3227 3253 amborum
3257 3199 3536 3280 regum
3576 3173 3781 3250 ami-

1000 3311 1276 3388 ciciam
1330 3305 1816 3415 persuadens
1878 3338 1895 3385 t
1959 3342 1998 3382 ε(
2040 3309 2115 3385 N
2119 3337 2227 3387 on
2282 3296 2685 3427 palpanti,
2743 3310 3007 3420 inquit
3033 3370 3053 3408 ,
3113 3307 3578 3388 adulacione
3614 3334 3782 3385 mo·
3850 3293 3858 3303 ⁸

1001 3480 1038 3519 «
1080 3462 1207 3525 tus
1262 3441 1403 3524 sed
1454 3440 1882 3523 dilectione
1939 3444 2294 3526 fraterna
2316 3506 2336 3542 ‚
2392 3428 3073 3553 magnificenciam
3132 3462 3473 3553 vestram
3531 3466 3783 3553 usque

1002 3616 1039 3656 (ε
1072 3578 1318 3660 hodie
1348 3578 1797 3659 Orientales
1839 3578 2371 3678 admirantur,
2404 3597 2485 3660 et
2523 3580 2731 3659 hanc
2761 3580 3164 3686 preconiis
3200 3554 3783 3683 imrriortalibus

1004 3751 1041 3789 <c
1083 3715 1539 3794 attollerent
1557 3776 1576 3813 ,
1640 3715 1796 3795 nisi
1856 3715 2163 3823 legibus
2217 3713 2651 3794 concordie
2713 3743 2992 3824 parere
3047 3730 3501 3794 recusasset.
3557 3709 3775 3790 Heu!

1005 3887 1042 3927 α
1073 3852 1329 3962 proch
1370 3849 1629 3950 dolor,
1661 3851 2039 3931 acerbum
2082 3867 2163 3929 et
2205 3852 2579 3930 miserum
2620 3870 2738 3931 est
2753 3913 2777 3951 ‚
2819 3849 2959 3932 sed
3008 3852 3336 3932 fortuna
3382 3877 3510 3929 me
3560 3849 3779 3955 cogit

1006 4025 1043 4063 «
1072 3988 1307 4073 fateri
1376 3986 1598 4099 quod
1676 3987 1866 4073 inde
1943 3987 2357 4069 Chrisuun
2382 3988 2870 4099 ‘ignorantes
2894 4052 2903 4067 .
2929 3991 3039 4068 in.
3060 4014 3473 4101 ine-‚arma
3492 3987 3779 4073 ²victri-

1006 4162 1048 4199 <c
1077 4127 1203 4209 cia
1262 4141 1829 4206 converterunt
1850 4186 1869 4223 ,
1931 4141 2012 4203 et
2051 4121 2162 4204 ‘de
2219 4152 2405 4233 rege
2432 4182 2439 4193 ‚
2466 4125 2649 4215 exul
2676 4178 2683 4189 ·
2708 4125 2964 4209 factus
2982 4186 3002 4223 ,
3071 4152 3394 4233 possum
3454 4121 3771 4202 dicere:

1008 4298 1046 4340 α
1087 4265 1438 4372 Regnavi
1499 4294 1679 4344 cum
1727 4264 2133 4371 perpetuis
2188 4263 2601 4364 lamentis3
2655 4262 2758 4343 ad
2782 4257 2787 4261 ’
2808 4264 3238 4376 infimaque
3291 4279 3469 4341 rote
3511 4258 3776 4345 detru-

1009 4437 1047 4476 «
1087 4431 1220 4482 sus
1247 4401 1618 4501 volubili,
1646 4376 2038 4481 coronam*
2064 4399 2180 4481 nil
2209 4401 2549 4512 amplius
2579 4400 2835 4481 debeo
2885 4417 3254 4510 reputare
3280 4427 3522 4510 quam
3548 4424 3775 4507 pom·
3890 4444 3891 4447 π

1009 4574 1046 4613 «
1088 4568 1273 4648 pam
1310 4539 1654 4638 funeris,
1702 4566 1847 4618 nec
1890 4538 2119 4619 claris
2174 4539 2449 4623 infulis
2492 4518 2963 4649 insignitum
3014 4568 3255 4652 quam
3302 4531 3776 4655 velffltumflad

1010 4712 1047 4752 α
1087 4695 1431 4760 mortem
1484 4674 1890 4759 destinari.
1950 4677 2028 4759 Ο
2083 4697 2595 4786 prepotentes
2652 4654 3090 4799 principes,
3142 4679 3209 4757 si
3265 4672 3562 4791 pluries
3605 4699 3782 4751 evo·
