4666 6014
1025 688 1168 761 348
1513 679 2197 756 CHRONICORUM
2244 680 2599 757 KAROLI
2648 681 2933 756 SEXTI
2981 683 3158 758 Lm.
3213 682 3305 761 V.

1026 861 1266 946 quam
1317 829 1844 930 Silvanetum,
1897 830 2113 912 unde
2156 832 2550 913 oriundus
2591 849 2799 930 erat,
2837 835 3320 933 accessisset,
3364 835 3452 913 in
3496 835 3812 916 itineris

1023 965 1289 1050 medio
1333 993 1602 1052 amens
1645 967 1974 1049 effectus
2025 970 2255 1051 obiit.
3680 983 3689 988 ’

1871 1340 1875 1346 ,
1955 1252 2624 1338 CAPITULUM
2684 1258 2826 1338 1v.

1437 1463 1554 1524 'De
1580 1462 1830 1544 quodam
1855 1462 2174 1523 Tui-corum
2208 1484 2341 1558 rege
2368 1466 2468 1544 qui
2494 1467 2810 1529 vocabatur
2847 1466 3115 1527 Lamo‘rat
3141 1465 3350 1526 Baxin.

1131 1670 1475 1750 Par-isius
1537 1669 1624 1746 in
1669 1666 2047 1750 domibus
2096 1671 2337 1778 regiis
2363 1733 2380 1767 ‚
2417 1673 2503 1750 in
2537 1690 2798 1754 castro
2834 1673 3184 1754 nemoris
3212 1671 3695 1764 Vicenarum
3726 1688 3805 1756 et

1017 1803 1865 1911 circumadjacentibus
1922 1804 2116 1886 locis
2143 1868 2162 1905 ,
2228 1836 2500 1888 mense
2544 1801 2964 1889 novembri
3017 1827 3096 1888 et
3144 1809 3404 1889 tribus
3465 1811 3799 1919 sequen*-

1013 1942 1229 2020 tibus
1271 1969 1408 2020 rex
1442 1941 1786 2021 Kar-olus
1819 1957 2131 2051 tempus
2175 1943 2630 2051 hybernum
2669 1948 2968 2053 exegit,
3007 1963 3086 2025 et
3128 1946 3214 2023 in
3266 1973 3515 2052 regno
3554 1944 3802 2025 nichil

1008 2076 1527 2156 memorabile
1560 2095 1864 2183 gestum
1896 2095 2058 2174 est,
2105 2076 2242 2157 sed
2284 2079 2490 2158 bene
2541 2110 2639 2159 ex
2683 2083 3082 2162 extraneis
3121 2081 3524 2190 partibuS,
3577 2078 3796 2230 quod

1013 2215 1143 2293 hic
1182 2212 1695 2298 inserendum
1735 2212 2069 2322 dignum
2101 2212 2375 2314 dum,-
2362 2219 2890 2298 nunciatum.

1124 2354 1571 2459 Aggravata
1601 2380 1945 2463 namque
1976 2370 2148 2431 erat
2185 2381 2463 2433 manus
2504 2356 2834 2433 Domini
2865 2384 3104 2465 super
3136 2354 3523 2465 populum
3555 2353 3800 2433 chris-

1009 2489 1317 2567 tianum
1343 2550 1361 2586 ‚
1418 2506 1497 2567 et
1550 2490 1857 2597 virgam
1910 2489 2211 2569 “furoris
2273 2492 2397 2570 sui
2455 2494 2823 2572 emiserat
2884 2511 3167 2572 contra
3227 2494 3513 2602 ipsum.
3591 2492 3800 2571 Nam

1007 2653 1200 2731 gens
1257 2624 1708 2704 Turcorum
1764 2626 2152 2735 populosa
2183 2690 2201 2725 ,
2258 2628 2463 2708 freta
2524 2631 2847 2710 virium.
2878 2628 3170 2714 fiducia
3227 2631 3793 2729 maximarum,

959 2761 1397 2872 'simulque
1453 2757 1850 2841 desiderio
1905 2782 2322 2843 exestuans
2385 2769 2645 2846 omnis
2706 2767 3330 2846 christianitatis
3368 2769 3788 2876 imperium

1003 2895 1428 3009 pociundi,
1476 2926 1786 3005 egressa
1832 2918 2003 2980 erat
2044 2900 2241 2982 fines
2292 2905 2596 3011 patrios
2639 2903 2985 3011 Persidis
3014 2966 3033 3002 ,
3072 2922 3156 2992 et
3202 2906 3288 2986 in
3331 2905 3792 2986 Constanti·-

1004 3034 1559 3143 nopolitanum
1615 3039 2041 3145 imperium
2096 3039 2485 3123 bellorum
2540 3041 2900 3149 preludia
2955 3056 3343 3127 statuerat
3383 3044 3785 3124 inchoare.

1003 3174 1184 3251 Dux
1216 3174 1617 3281 prophani
1647 3178 2039 3257 exercitus
2070 3177 2403 3289 quidam
2426 3243 2445 3278 ,
2480 3182 2863 3263 Lamorat
2903 3199 3229 3293 vocatus
3253 3243 3272 3278 ,
3312 3185 3790 3262 constitutus

996 3308 1291 3403 fuerat,
1335 3310 1559 3416 cujus
1605 3311 2001 3392 industria
2041 3315 2208 3424 jam
2243 3319 2517 3422 spacio
2559 3315 2961 3399 sexdecim
3005 3316 3400 3411 dictarum
3447 3320 3785 3427 patriam

993 3465 1573 3551 occupaverant
1612 3445 2040 3529 adversarii
2087 3451 2493 3548 crucifixi,
2538 3470 2619 3532 et
2656 3444 2946 3535 urbem
2998 3454 3788 3561 Constantinopolim

995 3579 1421 3669 cotidianis
1470 3582 1892 3664 assultibus
1934 3585 2399 3666 lacessentes
2425 3596 2457 3684 ,'
2502 3588 2833 3695 expulso
2873 3592 3354 3696 imperatore
3374 3588 3781 3688 Johanne,

993 3721 1134 3828 qui
1173 3716 1705 3829 quadraginta
1745 3721 1909 3829 jam
1951 3723 2477 3831 imperaverat
2523 3725 2794 3819 anniS,
2848 3742 3226 3832 nepotem
3265 3725 3434 3833 ejus
3479 3723 3803 3804 Johan-·

993 3883 1212 3947 nem,
1270 3885 1630 3939 annuum
1687 3875 1953 3939 tamen
2010 3859 2528 3940 tributarium
2584 3860 2998 3958 effectum,
3062 3860 3639 3941 substitueram
3692 3864 3778 3940 in

990 3989 1175 4087 sede
1231 3994 1623 4102 imperiali
1683 3997 1762 4074 vi
1807 4020 2239 4095 armorum.
2305 3994 2515 4076 Sane
2575 4000 2716 4109 qui
2774 3997 2933 4077 hoc
2992 3996 3387 4077 referebat
3421 4059 3439 4094 ,
3499 3997 3777 4111 hospi·

990 4127 1314 4209 talitatis
1354 4132 1618 4237 gracia
1656 4131 1902 4210 michi
1940 4149 2181 4212 notus
2202 4194 2221 4231 ,
2257 4132 2555 4243 pluries
2594 4130 2979 4229 audierat,
3012 4150 3102 4213 ut
3134 4131 3475 4233 dicebat,
3511 4163 3778 4243 regem

989 4282 1067 4344 et
1099 4267 1548 4377 principem
1579 4270 2105 4375 memoratum
2150 4270 2234 4348 in
2267 4272 2676 4377 presencia
2715 4266 3029 4350 soldani
3066 4269 3509 4353 Babilonici
3544 4300 3779 4383 expe-

987 4401 1385 4483 dicionem
1432 4407 1663 4485 istam
1703 4376 2002 4513 pluries
2037 4405 2490 4517 adjurasse,
2531 4425 2722 4487 voto
2757 4408 3255 4489 occasionem
3287 4406 3768 4507 obtendens,

985 4543 1170 4652 quia
1225 4570 1502 4622 omnes
1545 4541 1957 4622 christiani
2003 4546 2549 4661 temporaliter
2580 4530 2660 4631 et
2701 4545 3220 4659 spiritualiter
3250 4543 3787 4631 dissidebant·

984 4679 1085 4759 Et
1108 4741 1126 4776 ,
1167 4679 1372 4759 sicut
1401 4681 1471 4761 is
1501 4680 2012 4789 perhibebat,
2048 4681 2154 4765 ad
2185 4684 2753 4794 amplissimam
2778 4712 3004 4793 spem
3031 4701 3365 4793 propter
3395 4683 3550 4763 hoc
3578 4683 3774 4765 inci-

983 4814 1325 4901 tabatur.
1356 4815 1568 4899 Nam
1591 4817 1679 4901 in
1708 4819 2068 4927 sompnis'
2100 4820 2619 4930 Appollinem
2646 4830 3030 4907 coronam
3046 4848 3409 4918 auroem,
3441 4820 3771 4927 gemmis
3862 4918 3867 4923 Ι
