4666 6014
1136 655 1278 724 570
1593 639 2682 716 CHRONlcORUM-KAROLI
2733 637 3019 714 SEXTI
3067 635 3247 712 LlB.
3301 631 3436 710 IX,

1133 796 1492 895 lendum3
1525 793 1925 907 dubieque
1956 790 2141 874 fidei
2191 821 2284 874 ac
2330 811 2734 902 suspectos
2782 807 3243 900 reputantes
3289 803 3690 901 quotquot
3728 818 3911 900 pre·

1131 935 1521 1016 nominati
1562 933 1801 1015 duces
1842 930 2077 1013 donis
2112 909 3103 1012 uberioribus'ditaverant
3134 946 3216 1010 et
3253 927 3355 1009 ad
3387 929 3601 1037 regia
3643 928 3911 1009 officia

1130 1087 1735 1181 promoverant,
1772 1068 2348 1169 destituerunt,
2382 1069 2465 1147 in
2510 1068 3014 1176 prepositura
3061 1057 3548 1164 parisiensi,
3574 1055 3910 1146 balli'viis

1131 1211 1374 1289 eciam
1397 1208 1802 1288 'civitatum
1826 1206 2022 1287 alios
2039 1206 2591 1316 subrogantes,
2621 1221 2704 1285 et
2728 1220 3122 1283 mutantes
3146 1220 3545 1312 quotquot
3564 1187 3908 1283 collectis

1131 1341 1558 1424 ordinariis
1584 1339 1723 1422 aut
1743 1328 2070 1422 urbanis
2094 1344 2437 1423 erarium
2461 1339 2721 1453 regale
2741 1367 3028 1451 augere
3052 1357 3587 1450 susceperant.
3614 1331 3710 1420 In
3730 1337 3910 1420 villa

1132 1483 1377 1561 eciam
1409 1479 1857 1577 parisiensi,
1883 1496 2135 1560 matre
2155 1478 2477 1559 urbium
2506 1480 2729 1588 regni
2749 1537 2769 1577 ,
2795 1476 3273 1559 adfavorem
3291 1476 3606 1573 civium,
3637 1501 3911 1583 quem·

1129 1614 1314 1697 dam
1375 1618 1460 1695 in
1514 1616 2014 1697 Parlamento
2074 1619 2296 1725 regio
2345 1614 2821 1725 prudentem
2872 1612 3350 1696 advocatum
3365 1674 3390 1713 ,
3447 1612 3913 1722 magistrum

1128 1754 1572 1838 Johannem
1598 1751 1643 1829 J
1648 1752 1920 1833 uvenel
1952 1754 2478 1851 nominatum,
2508 1768 3037 1833 mercatorum
3065 1736 3518 1832 statuerunt
3548 1752 3914 1859 preposi÷

1128 1909 1299 1972 tum
1325 1951 1344 1987 ‚
1384 1889 1525 1998 qui
1560 1906 1826 1969 tamen
1883 1890 2355 1970 auctoritate
2404 1891 2618 1999 regia
2642 1952 2661 1988 ‚
2712 1909 2879 1968 non
2925 1888 3306 1969 electione
3351 1885 3912 1996 burgensium,

1128 2044 1216 2107 ut
1241 2028 1680 2135 antiquitus
1718 2026 1984 2121 fiebat,
2033 2043 2378 2134 preesset
2416 2023 3313 2126 commerciis'civitatis,
3355 2042 3434 2106 et
3472 2024 3614 2135 qui
3649 2021 3913 2105 lances
3977 2033 3982 2042 ⁴

1125 2159 1586 2276 appendens
1614 2164 1701 2242 in
1727 2180 2017 2244 statera
2035 2163 2375 2274 justicie,
2407 2177 2936 2246 mercatorum
2962 2158 3406 2243 discordias
3431 2189 3640 2270 equo
3673 2159 3915 2241 libra-

1122 2301 1339 2380 mine
1393 2301 1877 2380 terminaret.
1935 2300 2269 2408 Insuper
2289 2362 2310 2400 ,
2355 2319 2446 2380 ut
2498 2299 2908 2409 regnicole
2938 2302 3435 2410 quiescerent
3486 2289 3572 2378 in
3618 2297 3912 2407 pulcri-

1126 2434 1404 2518 tudine
1463 2436 1679 2546 pacis
1719 2455 1799 2518 et
1843 2437 2112 2546 requie
2153 2438 2715 2545 temporalium
2769 2437 3183 2547 opulenta,
3234 2463 3502 2546 regem
3547 2435 3904 2515 consule-

1130 2590 1321 2653 runt
1356 2592 1448 2654 ut
1492 2575 1948 2682 episcopum
1985 2573 2493 2659 Baiocensem
2512 2633 2532 2671 ,
2570 2571 2990 2654 dominum
3024 2569 3493 2654 Arnaudum
3524 2571 3866 2653 Corbeie
3885 2631 3908 2667 ‚

1122 2713 1383 2791 virum
1412 2710 1687 2819 utique
1723 2710 2416 2818 circumspectum,
2451 2711 2538 2790 in
2562 2709 3061 2791 Parlamento
3099 2737 3245 2789 suo
3272 2709 3624 2817 primum
3653 2710 3905 2818 presi·

1125 2846 1441 2930 dentem
1463 2907 1482 2943 ,
1518 2873 1761 2955 quem
1788 2862 2074 2955 ,postea
2121 2845 2676 2961 cancellarium
2719 2874 2951 2929 suum
2985 2847 3400 2929 constituit
3416 2906 3437 2945 ,
3480 2869 3663 2926 cnm
3709 2865 3912 2926 non-

1125 2981 1360 3063 nullis
1407 2982 1579 3064 aliis
1622 2981 2069 3064 scientificis
2098 2984 2289 3064 viris
2316 2981 2421 3065 ad
2467 3001 2732 3095 partes
2760 2981 3117 3066 Picar‘die
3150 2981 3628 3085 destinaret,
3670 3000 3782 3099 ut.
3803 2978 3904 3063 de

1121 3148 1313 3228 pace
1365 3146 1548 3200 cum
1589 3120 1942 3230 Anglicis
1976 3137 2452 3203 tractaretur
2500 3152 2518 3203 ε
2576 3124 2716 3235 qui
2762 3118 3085 3234 quidem
3119 3119 3351 3204 fedus
3408 3139 3490 3202 et
3540 3110 3905 3203 inducias

1120 3257 1546 3337 triennales
1574 3273 2111 3367 reportarunt.
3885 3246 3892 3261 ’

1233 3420 1360 3502 Ad
1423 3418 2077 3530 limpidissimum
2116 3444 2436 3532 quoque
2470 3420 2774 3503 fontem
2810 3422 3160 3530 justicie,
3199 3448 3589 3502 cameram
3643 3421 3901 3500 Parla-

1123 3559 1370 3638 menti
1390 3617 1413 3655 ,
1441 3556 1827 3637 intuitum
1865 3555 2338 3667 dirigentes,
2379 3574 2831 3640 statuerunt
2863 3576 2957 3640 ut
2990 3554 3293 3639 ibidem
3328 3558 3699 3666 magister
3736 3556 3901 3636 Ou-

1120 3690 1421 3773 dardus
1454 3689 1559 3773 de
1585 3689 2063 3775 Molendinis
2088 3753 2111 3793 ,
2140 3696 2265 3774 vir
2296 3694 2386 3773 in
2423 3711 2767 3805 utroque
2791 3695 2974 3804 jure
2997 3697 3298 3804 peritus
3323 3710 3406 3775 et
3441 3693 3901 3803 eloquencia

1121 3829 1379 3911 clarus
1398 3891 1417 3927 ,
1458 3830 1795 3939 primam
1823 3827 2092 3910 sedem
2118 3832 2548 3938 optineret.
2594 3832 2895 3913 Omnes
2925 3833 3194 3912 eciam·
3214 3830 3540 3913 abbates
3571 3842 3668 3911 et·
3686 3832 3903 3940 prio-

1058 3982 1067 3989 ’
1124 3994 1283 4064 res,
1314 3968 1461 4085 qui-
1485 3994 1769 4076 nuper,
1804 3965 2077 4048 relicta
2109 3968 2504 4050 claustrali
2535 3967 3070 4051 sollicitudine
3087 4032 3107 4068 ‚
3138 3966 3240 4049 ad
3272 3962 3630 4050 eamdem
3661 3964 3900 4049 camess

1123 4128 1294 4181 ram
1343 4128 1485 4209 per
1545 4105 2141 4213 promocionem
2195 4118 2754 4217 magnatorum
2808 4107 3602 4216 transmigraverant,
3665 4123 3744 4185 et
3811 4107 3897 4184 in

1123 4237 1357 4318 solito
1388 4239 1805 4347 majoriae
1832 4236 2153 4322 'tedioso
2185 4272 2523 4324 numero
2561 4244 2678 4324 ibi
2712 4242 3003 4325 cotidie
3039 4243 3545 4343 assistebant,
3573 4232 3893 4351 penitus

1121 4393 1633 4475 amoveruut3
1664 4376 1954 4488 quibus
1982 4396 2063 4458 et
2095 4382 2564 4465 auctoritate
2597 4381 2813 4491 regia
2850 4379 3010 4461 dici
3039 4381 3399 4462 fecerunt
3418 4442 3438 4479 ‚
3479 4397 3568 4462 ut
3595 4398 3893 4487 repete-

1120 4530 1302 4592 rent
1338 4512 1678 4609 claustra
1719 4541 1899 4608 sua,
1942 4532 2022 4595 et
2059 4544 2378 4625 gregem
2419 4517 2576 4597 sibi
2615 4518 3125 4599 commissum
3171 4517 3679 4597 instituerent
3699 4542 3889 4628 pre-

1114 4648 1662 4730 dicacionibus
1706 4667 1786 4731 et
1826 4648 2233 4760 exemplis,
2267 4653 2891 4764 Verumptamen
2928 4683 3109 4735 cum
3151 4653 3260 4749 ab
3295 4654 3580 4764 antiqu
3596 4652 3897 4734 ioribus

1118 4801 1198 4867 et
1223 4787 2332 4872 solemnioribusconsiliariis
2354 4790 2819 4874 didicissent
2844 4792 3215 4874 abbatem
3243 4788 3890 4899 sanctiDyonisii
