4666 6014
1085 697 1227 772 518
1550 686 2234 764 CHROMGORUM
2284 683 2643 759 KARDLI
2691 683 2978 774 sEx'nl
3027 682 3206 756 ΠΒ.
3259 681 3425 760 IX..

1085 845 1482 928 deducens
1515 905 1534 944 ‚
1621 843 1778 922 hoc
1841 840 2092 948 verbo
2163 838 2741 949 acceptissimo·
2792 836 2985 942 fiat·
3044 835 3397 943 signavit
3481 835 3873 937 rotulum,

1088 969 1418 1082 monens
1455 999 1549 1063 ut
1586 1001 1899 1090 semper
1939 975 2493 1061 obedienciam
2537 972 2989 1055 custodiret·
3018 970 3358 1052 filialem.
3466 1021 3475 1030 -

2029 1228 2695 1345 CAPITULUM'
2755 1259 2898 1345 ιν.

2227 1503 2317 1563 Dc
2346 1477 2462 1562 filia
2494 1503 2662 1585 regis.

1176 1742 1484 1841 Quarta
1518 1735 1823 1842 decima
1846 1731 1977 1814 die
2017 1734 2308 1814 mensis
2345 1732 2589 1841 junii,
2620 1731 2823 1810 hora
2852 1732 3146 1841 prime,
3178 1733 3456 1841 regina
3483 1732 3850 1831 Francie3

1067 1875 1406 1958 domina
1425 1869 1817 1955 Ysabellis
1838 1934 1859 1973 ,
1911 1872 1999 1952 in
2044 1869 2288 1952 domo
2324 1868 2538 1979 regia
2578 1870 2833 1949 sancti
2864 1865 3233 1949 Audoeni
3291 1895 3549 1979 prope
3586 1867 3854 1950 villam

1062 2015 1317 2114 sancti
1350 2013 1723 2123 Dyonisii
1746 2074 1769 2112 ‚
1822 2009 2068 2090 filiam
2096 2008 2449 2120 peperit,
2505 2034 2660 2117 que
2698 2031 2922 2086 sacro
2974 2004 3339 2087 crismate
3375 2002 3731 2087 delibuta
3771 2026 3854 2086 et

1059 2150 1102 2229 J
1104 2152 1428 2232 ohanna
1449 2164 2041 2260 nuncupataret
2061 2173 2253 2227 mox
2274 2140 2492 2224 diem
2512 2142 2885 2224 ultimum
2919 2121 3287 2251 signem&
3308 2137 3413 2223 ad
3436 2123 3850 2252 abbaciam

1058 2288 1246 2368 Mali
1276 2290 1518 2369 Dumi
1555 2297 1816 2397 prope
1855 2286 2354 2366 Ponticarum
2395 2278 2650 2361 delata
2676 2335 2697 2377 ‚
2740 2276 3055 2384 ibidem-
3076 2279 3387 2389 sepulta
3418 2279 3600 2360 fuit.

2031 2562 2715 2645 CAPITULUM
2775 2563 2872 2642 V.

1698 2800 1787 2859 De
1811 2797 2184 2880 expedicione
2210 2797 2427 2858 bellica
2452 2796 2603 2884 regis
2626 2807 2827 2856 contra
2861 2796 3187 2857 Alemanos.

1163 3036 1406 3113 Ducis
1433 3032 1843 3111 Britannie
1874 3048 1956 3111 et
2000 3012 2617 3109 conestabularii
2632 3020 2980 3109 ‘Francie
3010 3029 3451 3108 amiciciam
3466 3091 3486 3129 ,
3525 3048 3836 3112 vetusto

1051 3168 1241 3249 odio
1291 3171 1827 3278 interruptam
1844 3229 1864 3267 ,
1917 3168 2129 3275 regis
2183 3166 2249 3245 F
2252 3165 2520 3246 rancie
2562 3167 2829 3274 patrui
2875 3166 3116 3247 cicius
3169 3166 3833 3249 reconsiliandam

1048 3323 1597 3413 susceperant3
1636 3333 1820 3384 nam
1853 3331 2076 3385 mens
2110 3288 2285 3384 erat
2311 3300 2871 3412 ipsum'regem
2903 3301 3006 3384 ad
3040 3306 3290 3412 magis
3322 3303 3574 3386 ardua
3605 3334 3833 3387 occu-

1044 3470 1259 3551 pare.
1317 3440 1575 3550 Snper
1630 3469 1795 3553 quo
1833 3438 2047 3521 dum
2093 3439 2426 3521 consilia
2464 3438 3007 3557 celebrantur,
3051 3468 3303 3523 unum
3355 3444 3830 3551 inoppinate

1039 3581 1520 3686 supervenit·
1545 3578 1680 3658 hic
1719 3580 1999 3692 utique
2042 3574 2596 3679 inserendum
2641 3596 2725 3671 et
2749 3580 3111 3691 quamvis
3160 3576 3567 3660 modicum
3596 3608 3826 3690 repu-

1040 3698 1400 3815 tandum,
1443 3716 2035 3825 hystoricorum
2066 3733 2345 3799 tamen
2370 3733 2699 3798 &cusat
2730 3718 3177 3816 curiositas,
3222 3744 3384 3829 que
3425 3717 3540 3798 nil
3588 3719 3823 3799 mini·

1039 3878 1258 3936 mum
1275 3855 1636 3964 respuit&
1677 3853 1918 3967 quod-
1938 3855 2269 3965 cognitu
2301 3851 2651 3964 dignum
2684 3854 2811 3935 sit.

1089 3997 1094 4000 ’
1147 3993 1269 4071 De
1321 3990 1755 4073 Provencie
1804 3991 2172 4103 partibus
2235 3989 2564 4104 quidam
2602 3993 2755 4071 vir·
2789 3990 3221 4091 solitarius,
3275 3986 3818 4075 heremiticam

1035 4130 1278 4209 vitam
1300 4138 1541 4238 agens
1559 4191 1578 4229 ,
1605 4124 1714 4210 ‘ad
1737 4129 1951 4239 ‘regis
1974 4131 2277 4211 curiam
2297 4126 2523 4210 venit
2547 4128 2895 4209 Par-isius
2914 4191 2934 4228 ‚
2961 4130 3352 4211 instanter
3384 4128 3815 4242 deprecans

1034 4282 1126 4348 ut
1181 4267 1853 4349 intromitteretur
1911 4263 2016 4349 ad
2068 4266 2356 4379 ipsum.
2409 4262 2513 4348 Et
2562 4264 2719 4348 hoc
2763 4265 2868 4348 ab
2918 4266 3267 4349 ostiariis
3320 4269 3772 4378 impetravit
3796 4332 3814 4366 ,

1031 4428 1212 4484 cum·
1243 4426 1630 4495 assereret
1668 4402 1758 4488 se‘
1786 4402 2063 4489 divino
2100 4406 2394 4517 spiritu
2435 4424 2772 4501 tactum,
2821 4422 2901 4487 et
2938 4404 3227 4503 vidisse
3256 4407 3648 4489 visionem
3679 4430 3821 4489 an:

1021 4524 1355 4665 gelicam
1377 4606 1397 4641 ‚
1447 4545 1919 4652 auctoritate
1958 4545 2184 4657 cujus
2229 4541 2550 4625 dicebat
2589 4571 2675 4625 se
2717 4543 3012 4626 habere
3051 4545 3295 4627 verba
3336 4548 3772 4627 secreciora
3788 4608 3808 4645 ‚

1025 4705 1185 4787 que
1212 4679 1566 4789 perferre
1596 4678 1702 4761 ad
1728 4708 1916 4765 eum
1947 4700 2038 4767 et
2057 4697 2386 4791 patruos
2402 4682 2591 4792 ejus
2613 4680 2869 4783 vellet.
2902 4680 3292 4764 Referunt
3319 4684 3460 4794 qui
3487 4684 3808 4765 secretis

1025 4815 1378 4900 consiliis
1395 4817 1810 4902 ‹ex-officio
1840 4821 2228 4903 assistunt
2243 4817 2616 4907 eumdem
2645 4816 3579 4907 dominos-monuissent
3614 4848 3800 4933 erga
