4666 6014
1091 695 1232 764 500
1524 678 2206 758 CHRONICORUM
2257 681 2613 756 KAROLI
2663 680 2950 758 SEXTI
2997 679 3175 760 LIB.
3232 677 3435 763 VIII«

1088 837 1413 952 quidam
1443 837 2008 945 agnominatus
2041 835 2303 945 Caput
2332 836 2672 945 Nigrum
2696 898 2715 936 ,
2742 838 3024 917 ceteris
3048 839 3396 918 severior
3424 851 3868 946 reputatuS‚

1086 978 1171 1055 in
1207 975 1575 1055 Alvernia
1608 972 2036 1085 quamdam
2064 974 2333 1055 villam
2368 975 2923 1075 fortissimam,
2953 975 3191 1055 bonis
3225 976 3601 1057 omnibus
3632 976 3870 1056 refer-

1086 1131 1251 1194 tam
1283 1141 1373 1193 ac
1407 1110 1717 1191 diviciis
1765 1111 2261 1219 opulentam,
2294 1141 2451 1221 que
2483 1089 3134 1192 Mons⁰Ferrandi
3185 1110 3598 1193 dicebatur
3626 1175 3645 1213 ,
3688 1112 3866 1221 plu-

1086 1255 1242 1331 ries
1275 1267 1880 1360 attemptaverat
1909 1250 2214 1330 viribus
2255 1278 2671 1360 occupare.
2719 1253 2833 1329 Ac
2874 1251 3016 1356 ubi
3051 1248 3134 1329 id
3185 1278 3472 1361 parum
3514 1253 3869 1361 percepit

1085 1387 1518 1498 procedere
1538 1449 1557 1487 ,
1596 1384 1901 1467 fraudis
1931 1389 2380 1496 excogitato
2438 1406 2892 1469 commento
2914 1449 2933 1487 ‚
2986 1392 3265 1469 statuit
3321 1386 3542 1501 quod
3603 1404 3869 1472 mente

1086 1542 1562 1635 conceperat
1588 1523 1904 1603 effectui
1927 1526 2409 1633 mancipare.
2438 1526 2646 1605 Nam
2674 1544 2790 1625 ut,
2828 1525 3037 1605 fama
3058 1526 3375 1633 publica
3408 1525 3830 1608 refferente
3847 1587 3865 1622 ‚

1083 1662 1501 1745 dominum
1531 1660 2025 1742 Ludovicum
2056 1661 2279 1741 Sacri
2310 1663 2646 1762 Cesaris,
2688 1663 3099 1748 custodem
3120 1668 3413 1773 patrie,
3446 1664 3727 1773 procul
3760 1665 3864 1744 ab

1083 1828 1186 1880 eo
1211 1801 1587 1909 cognovit
1616 1818 1929 1908 tempus
1961 1800 2412 1908 hybernum
2446 1829 2704 1909 agere,
2735 1799 3367 1911 quadringentos
3387 1802 3545 1881 sibi
3571 1802 3864 1882 similes
3964 1901 3969 1907 ι

1084 1964 1404 2017 sumens
1420 1938 1658 2035 viros,
1692 1964 1894 2048 quos
1926 1954 2306 2046 tanquam
2331 1936 2464 2016 sur
2493 1965 2641 2045 per
2666 1934 2997 2018 dumosa
3012 1956 3091 2017 et
3112 1966 3416 2048 oppaca
3448 1938 3616 2017 loca
3640 1938 3862 2017 horis

1087 2076 1504 2154 nocturnis
1558 2102 1808 2185 usque
1870 2072 1967 2152 ad
2012 2073 2299 2154 urbem
2360 2071 2842 2183 perducens,
2897 2074 3052 2153 hiis
3095 2076 3453 2182 precepit
3522 2092 3615 2154 ut
3680 2099 3862 2155 cum

1083 2240 1391 2290 summo
1455 2211 1780 2290 silencio
1845 2210 2327 2321 propinquis
2358 2193 2367 2206 ’
2398 2210 2766 2289 menibus
2825 2208 3413 2289 occultarentur
3472 2213 3558 2289 in
3628 2210 3858 2308 lociS,

1082 2345 1339 2427 donec
1374 2349 1567 2457 ipsis
1597 2350 1680 2426 in
1709 2335 1981 2425 eadem
2016 2343 2325 2440 aditum
2361 2361 2884 2454 preparasset.
2918 2345 3098 2425 Hiis
3137 2343 3370 2426 dictis
3398 2408 3418 2444 ,
3460 2345 3560 2430 ad
3590 2345 3865 2456 prodi-

1080 2487 1395 2563 cionem
1451 2480 1986 2592 peragendam
2030 2481 2239 2561 ultra
2292 2480 2820 2589 progrediens
2841 2543 2861 2579 ,
2909 2479 3103 2560 dum
3176 2510 3465 2562 aurora
3528 2484 3861 2563 rutilans

1079 2621 1271 2701 solis
1304 2638 1576 2699 ortum
1614 2620 2066 2713 nunciaret,
2111 2615 2383 2698 decem
2427 2644 2522 2695 ex
2574 2618 2765 2724 ipsis
2805 2619 3171 2724 premisit
3209 2620 3500 2726 sagulis
3532 2622 3861 2702 amictos

1080 2757 1531 2865 gregalibus
1582 2772 1664 2834 et
1705 2754 1931 2864 quasi
1966 2753 2246 2833 vilium
2298 2754 2681 2832 mercium
2743 2754 3090 2834 sarcinas
3134 2753 3648 2862 deportantes
3667 2818 3686 2854 ,
3718 2761 3858 2870 qui

1080 2891 1183 2972 ad
1226 2907 1559 2999 pontem
1603 2885 2100 2980 accedenteS,
2156 2916 2380 2966 more
2427 2890 2951 2970 ruricolarum
2973 2952 2993 2989 ,
3043 2887 3577 2972 clamaverunt
3621 2911 3711 2972 ut
3748 2895 3863 2973 eis

1084 3033 1554 3138 aperiretur.
1593 3031 1660 3104 A
1683 3025 2146 3107 custodibus
2173 3044 2590 3134 portarum
2611 3090 2629 3126 ,
2666 3030 2969 3136 ignaris
2995 3030 3443 3138 iniquitatis
3477 3049 3858 3139 concepte

1082 3185 1163 3247 et
1200 3166 1314 3245 nil
1362 3164 1516 3244 tale
1543 3163 2037 3261 timentibuS,
2090 3192 2255 3243 non
2290 3162 2728 3272 denegatur
2765 3167 3188 3274 ingressus.
3236 3166 3390 3248 Sed
3440 3196 3617 3247 cum
3664 3167 3861 3248 alter

1085 3303 1313 3383 alteri
1348 3298 1836 3398 succederet,
1879 3318 1958 3380 et
1986 3300 2327 3412 quilibet
2353 3300 2661 3381 secticie
2692 3301 3105 3412 quietandi
3137 3307 3402 3411 gracia
3420 3366 3438 3401 ‚
3481 3323 3864 3418 tanquam

1083 3442 1360 3537 fessuS,
1391 3440 1656 3519 honus
1689 3467 1919 3518 suum
1957 3437 2435 3548 deponeret,
2477 3468 2666 3518 mox
2701 3437 3120 3548 deponunt
3150 3442 3513 3522 habitum
3545 3442 3863 3522 simula-

1083 3594 1256 3656 tum
1281 3639 1298 3672 ,
1332 3593 1672 3655 exerunt
1712 3570 2057 3684 gladios,
2101 3602 2247 3655 nec
2280 3575 2538 3655 solum
2572 3575 2937 3657 custodes
2977 3579 3153 3658 neci
3196 3552 3564 3676 tradunt,
3608 3577 3749 3659 sed
3786 3599 3865 3658 et

1083 3716 1508 3793 viciniores
1543 3715 1684 3825 qui
1717 3711 1818 3793 ad
1839 3701 2066 3793 voces
2105 3716 2634 3825 moriencium
2662 3713 3861 3821 accurrereg‘gsestinabant.Tunc

1083 3849 1584 3959 prodicionis
1613 3849 1900 3930 artifex
1928 3852 2396 3962 principalis
2414 3913 2434 3949 ,
2469 3880 2651 3931 cum
2681 3882 2936 3934 cornu
2964 3853 3281 3933 fortiter
3310 3853 3821 3961 personando
3840 3917 3858 3952 ,

1085 3991 1526 4094 ingressum
1559 3988 1897 4067 liberum
1939 3989 2349 4069 absconsis
2379 3991 2465 4068 in
2495 3987 2809 4069 insidiis
2840 3990 3230 4071 concessit
3248 4050 3267 4087 ‚
3296 4008 3862 4099 preoccupato-

1083 4153 1237 4236 que
1282 4124 1538 4223 aditu,
1589 4145 1781 4206 tunc
1831 4145 2140 4207 terrore
2179 4147 2509 4237 repente
2561 4156 2660 4209 ex
2702 4156 3045 4237 sompno
3078 4131 3437 4209 excitatis
3487 4131 3855 4229 urbani3‚

1081 4260 1345 4342 subita
1377 4290 1501 4341 res
1540 4292 1919 4372 pavorem
1947 4264 2302 4372 prebuit3
2338 4284 2419 4345 et
2451 4268 2802 4376 primum
2845 4264 3298 4345 dubitatum
3327 4284 3446 4346 est
3475 4265 3859 4378 quidnam

1080 4400 1236 4479 sibi
1267 4400 1454 4480 velit
1502 4401 1797 4480 clamor
1834 4401 2012 4481 talis
2064 4402 2454 4483 insolitus.
2509 4406 2610 4483 At
2647 4402 2793 4483 ubi
2825 4402 3098 4483 vident
3142 4401 3542 4484 discursus
3574 4404 3864 4484 lorica-

1080 4556 1349 4616 torum
1394 4540 1777 4634 insuetOS‚
1836 4535 2111 4618 dolum
2151 4542 2631 4648 percipiunt.
2680 4539 2881 4620 Inde
2925 4544 3371 4621 communis
3416 4540 3858 4648 trepidacio

1079 4691 1256 4752 orta
1297 4693 1452 4770 est,
1496 4692 1573 4753 et
1622 4668 2200 4754 conclamatum
2260 4674 2361 4755 ad
2406 4705 2619 4757 arma
2656 4707 2675 4776 ;
2735 4706 2880 4757 nec
2945 4697 3212 4783 tamen
3259 4707 3733 4759 concursum
3773 4680 3860 4757 iu

1077 4839 1349 4891 muros
1380 4811 1499 4890 vel
1556 4828 1854 4919 portas.
1919 4811 2126 4892 Nam
2170 4842 2350 4893 cum
2391 4818 2751 4894 certatim
2802 4834 2881 4895 et
2908 4816 3441 4934 incomposite
3472 4846 3613 4927 per
3645 4819 3861 4894 vicos
