4666 6014
1073 706 1213 775 380
1391 703 1396 712 “
1467 741 1476 746 -
1536 695 2216 771 CHRONICORUM
2265 693 2620 769 KAROLI
2670 693 2957 767 SEXTI
3005 696 3182 768 LlB.
3238 694 3369 771 Vl.

1075 879 1209 929 eos
1268 877 1469 960 quos
1519 877 1856 957 regnum
1910 848 2152 927 habet
2203 839 2625 927 commoda
2667 847 3022 925 stacione
3072 845 3649 936 famosissimus
3704 864 3856 941 est,

1072 987 1357 1094 peciit;
1394 1003 1473 1064 et
1520 985 1677 1081 ibi,
1744 985 2193 1093 sumptibus
2254 986 2395 1096 qui
2459 983 2826 1063 sufficere
2874 998 3203 1090 possent
3257 979 3357 1060 ad
3415 984 3860 1088 impensam

1073 1120 1504 1229 designatis
1545 1122 2156 1232 convocatisque
2194 1118 2675 1218 artificibuS,
2721 1146 2816 1198 ex
2858 1118 3215 1238 subjecta
3249 1145 3402 1226 pro
3442 1120 3648 1198 votis
3688 1147 3855 1197 ma-

1073 1258 1295 1352 teria,
1337 1273 1500 1334 tam
1565 1284 1661 1334 ex
1715 1254 2125 1367 quadratis
2177 1254 2579 1363 lapidibus
2630 1282 2870 1366 quam
2932 1254 3178 1334 coctis
3230 1253 3647 1351 lateribus,
3718 1258 3857 1365 qui

1073 1409 1429 1471 cemento
1473 1391 1912 1472 fortissimo
1959 1393 2412 1489 linirentur,
2460 1409 2809 1472 castrum
2850 1393 3209 1471 construi
3247 1389 3677 1471 mandavit.
3730 1390 3861 1470 Sic

965 1549 977 1560 ·
1072 1526 1445 1638 deinceps
1492 1532 1575 1607 in
1619 1529 1889 1610 littore
1928 1532 2242 1638 navigia
2281 1533 2759 1610 securiorem
2812 1528 3109 1608 habere
3150 1545 3527 1637 poterant
3566 1530 3862 1608 stacio-

1071 1692 1288 1774 nem,
1332 1682 1410 1742 et
1460 1663 1642 1744 ideo
1676 1664 2197 1745 subsidiarios
2239 1684 2623 1764 armatOS,
2664 1663 2888 1779 quod
2929 1667 3403 1778 satisresset,
3451 1662 3555 1744 ad
3591 1683 3855 1745 custo-

1073 1799 1283 1879 diam
1351 1800 1770 1910 relinquit,
1827 1801 2083 1882 donec
2139 1803 2654 1910 perficeretur
2709 1831 2937 1912 opus.
3000 1801 3155 1883 Sed
3200 1832 3423 1900 mOX,
3481 1821 3569 1882 ut
3622 1831 3862 1911 super

1069 1936 1320 2045 pallos
1365 1940 1449 2017 in
1489 1937 1828 2020 fundum
1872 1940 2218 2019 lutosum
2267 1940 2472 2021 fixos
2514 1941 2864 2049 ingentis
2910 1958 3311 2021 structure
3349 1942 3608 2049 prima
3649 1940 3859 2047 jece-

1070 2092 1262 2152 runt
1317 2073 1657 2154 artifices
1698 2074 2244 2174 fundamenta,
2290 2076 2687 2186 oppidum
2741 2096 3031 2186 patruo
3073 2106 3218 2158 suo
3269 2077 3452 2159 duci
3500 2079 3863 2186 Burgun-

1068 2210 1198 2290 die
1227 2273 1245 2310 ,
1295 2213 1434 2322 qui
1483 2215 1864 2292 comitatu
1913 2214 2292 2295 Flandrie
2346 2216 2522 2323 jure
2572 2217 3043 2325 pociebatur
3084 2218 3414 2316 uxorio,
3469 2218 3865 2295 concessit

1067 2364 1457 2456 perpetuo
1498 2348 2098 2455 possidendum.
2651 2338 2658 2346 ’

1996 2633 2665 2718 CAPITULUM
2727 2638 2871 2714 lx.

1845 2844 1932 2902 De
1961 2844 2406 2904 Flandrensium
2435 2845 2753 2905 rebellione
2778 2847 3082 2925 pertinaci..

1181 3048 1350 3127 Rex
1384 3043 1887 3125 laudabiliter
1915 3050 2254 3156 peractis
2287 3076 2453 3129 non
2481 3068 2940 3152 contentus,
2972 3052 3128 3131 nisi
3162 3053 3853 3158 presumpcionem

1069 3181 1422 3261 hostium
1450 3181 1786 3289 amplius
1810 3182 2290 3280 humiliaret,
2323 3174 2422 3264 ad
2448 3186 2909 3266 uberiorem
2930 3188 3246 3297 plagam
3272 3188 3336 3267 F
3339 3184 3670 3285 landrie,
3707 3189 3838 3268 Ze-

1075 3316 1342 3398 landie
1365 3322 1860 3426 contiguam,
1902 3328 2056 3430 qu'e
2088 3322 2440 3403 Francus
2479 3320 2800 3422 dicitur,
2838 3323 3140 3404 alendis
3171 3326 3447 3435 utique
3471 3328 3853 3404 armentis

1063 3473 1330 3563 aptam
1354 3518 1372 3553 ,
1443 3482 1755 3537 accessu
1825 3485 2145 3569 quoque
2200 3456 2603 3540 difficilem
2661 3461 2773 3567 ob
2827 3463 3279 3572 intffljectas
3345 3456 3705 3570 paludeS,
3763 3491 3851 3540 ac

1061 3592 1497 3699 multorum
1556 3590 1896 3672 divitum
1954 3588 2374 3674 hominum
2426 3597 2778 3676 incolatu
2833 3599 3267 3705 insignem,
3321 3594 3682 3676 traduxit
3740 3597 3849 3676 le-

1065 3730 1364 3834 giones,
1427 3727 1549 3808 Ad
1601 3732 1985 3809 interiora
2029 3733 2273 3839 igitur
2323 3737 2677 3841 regionis
2722 3763 2888 3814 non
2933 3738 3106 3845 sine
3160 3733 3605 3814 incolarum
3663 3737 3852 3813 insi-

1064 3860 1285 3943 diosa
1332 3867 1785 3945 resistencia
1827 3886 2370 3977 penetrantes,
2422 3874 2601 3950 cu'm
2639 3869 2741 3950 ad
2791 3871 3316 3951 rebellionum
3364 3869 3842 3969 vindictam,

929 4076 935 4085 ,
1063 4026 1306 4117 quam
1347 4002 1449 4081 ab
1499 4006 1732 4083 annis
1775 4008 2130 4116 quinque
2193 4025 2272 4086 et
2327 4008 2735 4123 hucusque
2779 4007 3246 4119 indempnes
3291 4028 3841 4107 exercuerant,

1062 4126 1297 4246 longe
1342 4141 1651 4265 lateque
1705 4140 2073 4225 incendia
2130 4173 2296 4224 non
2364 4148 2536 4225 sine
2603 4165 2930 4226 cruenta
2989 4164 3252 4256 strage
3315 4149 3840 4256 peregissent,

1060 4273 1380 4356 tandem
1419 4280 1739 4386 ‘ingenti
1785 4276 2033 4386 preda
2075 4284 2345 4361 onusti
2399 4300 2479 4362 et
2518 4283 3081 4371 manubiarum
3132 4280 3678 4369 omnimodam
3718 4313 3844 4363 va-

1060 4414 1421 4492 rietatem
1461 4442 1727 4493 secum
1749 4438 2008 4526 ‘usque
2044 4415 2141 4495 ad
2183 4415 2597 4499 fastidium
2636 4418 3067 4517 trahente5‚
3110 4437 3298 4529 post
3335 4398 3694 4527 triduum
3739 4418 3839 4497 ad

1059 4578 1327 4658 regem
1368 4550 1805 4631 redierunt.
1851 4554 2209 4637 Fuerunt
2249 4559 2423 4667 qui,
2460 4556 2661 4635 lucri
2702 4555 3081 4666 cupidine
3111 4556 3369 4656 ducti,
3408 4557 3701 4637 multos
3744 4584 3838 4635 ex

1059 4689 1661 4794 potencioribus
1703 4707 2109 4798 ceperant,
2141 4709 2232 4771 ut
2261 4694 2940 4803 vitam·peecuniis
2980 4712 3549 4775 mercarentur.
3582 4691 3839 4794 Quod

1005 4872 1008 4875 >
1057 4853 1230 4907 cum
1309 4824 1407 4909 ad
1485 4829 1864 4909 noticiam
1935 4847 2409 4937 patruorum
2477 4836 2684 4940 regis
2758 4835 3297 4941 pervenisset„
3372 4834 3840 4965 auctoritate
