4666 6014
1050 643 1193 714 612
1529 640 2210 715 cnaomcomnu
2258 608 2614 714 K'Anom
2665 639 2948 714 sssx‘rl
2998 640 3174 713 Lm.
3227 640 3332 713 x.

1044 793 1251 867 viam
1286 806 1720 887 venerunt3
1757 789 1896 898 'qui
1938 807 2121 898 post
2150 789 2594 871 exhibitum
2626 787 2895 871 debite
2921 790 3427 869 salutacionis
3456 790 3782 872 affatum
3802 854 3822 891 ,

1048 926 1352 1004 itineris
1394 926 1719 1006 comites
1763 927 2221 1006 extiterunt.
2257 927 2763 1036 Ulteriusque
2794 930 3086 1007 iterum
3125 924 3827 1034 procedentes,ab

1042 1091 1206 1142 uno
1256 1062 1498 1142 latere
1551 1081 1796 1143 strate
1853 1065 2055 1172 regis
2110 1065 2313 1145 cives
2356 1065 2830 1144 parisienses
2867 1082 3268 1176 equestres
3315 1094 3511 1146 cum·
3531 1094 3825 1175 prepo-

1047 1199 1202 1277 sito
1244 1218 1768 1280 mercatorum
1802 1201 1888 1278 in
1942 1201 2427 1280 vestimentis
2460 1198 2751 1281 coloris
2783 1200 3060 1300 viridi,
3114 1219 3194 1281 et
3235 1202 3342 1282 ab
3392 1203 3547 1282 alio
3588 1203 3831 1283 latere

1047 1336 1471 1415 servientes
1537 1336 1708 1415 aule
1768 1337 1980 1445 regie
2041 1353 2123 1415 et
2176 1337 2525 1415 ministri
2588 1340 2836 1417 roseis
2873 1337 3225 1419 vestibus
3265 1338 3593 1419 indutos
3650 1369 3829 1421 cum

1040 1474 1304 1553 mimis
1345 1472 1679 1554 dulciter
1712 1472 2307 1555 modulantibus
2368 1495 2874 1584 repererunt,
2917 1479 3059 1588 qui
3117 1471 3506 1585 prefatam
3556 1477 3828 1558 multi-

1045 1607 1401 1691 tudinem
1432 1610 1667 1691 solito
1709 1613 2100 1694 curiosius
2132 1614 2491 1692 venerari
2535 1611 3083 1713 decreverant,
3119 1631 3210 1694 ut
3242 1613 3576 1695 dicetur.

1160 1750 1463 1857 Regina
1499 1777 1688 1828 vero
1730 1766 1810 1829 et
1849 1749 2198 1857 insignes
2244 1751 2801 1858 prenominate
2841 1749 3166 1830 domine
3198 1750 3414 1859 apud
3444 1750 3828 1832 Sanctum

1046 1887 1435 1965 Lazarum
1480 1914 1734 1995 prope
1784 1887 2131 1966 Parisius
2185 1887 2507 1966 coronis
2552 1887 2811 1966 aureis
2852 1906 2931 1967 et
2972 1890 3383 1996 gemmatis
3426 1886 3828 1969 adornan-

1045 2041 1202 2119 tur,
1269 2051 1705 2136 currusque
1775 2025 1992 2103 aurei
2056 2019 2792 2132 discooperiuntur.
2879 2024 2980 2103 Et
3048 2041 3241 2105 tunc
3313 2024 3623 2106 domini
3686 2029 3825 2135 qui

1043 2186 1346 2237 summa
1413 2160 1887 2240 auctoritate
1953 2157 2367 2266 pollebant
2451 2157 2551 2239 de
2613 2162 2839 2272 equis
2897 2158 3520 2261 descenderunt,
3581 2180 3660 2243 et
3720 2162 3824 2242 ab

1043 2312 1385 2407 utroque
1423 2295 1665 2375 latere
1709 2295 1808 2376 de
1848 2293 2244 2393 Turonia‚
2283 2296 2587 2376 Bituria
2609 2357 2627 2391 ,
2663 2296 3124 2406 Burgundia
3166 2316 3246 2379 et
3286 2299 3386 2379 de
3417 2300 3828 2380 Borbonio

1045 2430 1284 2513 duces
1338 2461 1526 2512 mox
1582 2433 1939 2514 lecticam
1978 2434 2249 2542 regine
2295 2432 2775 2534 ambierunt,
2827 2435 3001 2515 aliis
3047 2436 3494 2518 baronibus
3547 2439 3826 2518 ceteris

1043 2572 1294 2649 eciam
1323 2569 1761 2679 applicatis.
1803 2572 2126 2671 Quanta
2160 2587 2429 2649 autem
2466 2570 2725 2650 leticia
2765 2589 3165 2682 quantove
3201 2569 3445 2652 divite
3486 2572 3708 2654 fluxu
3737 2575 3822 2653 in

1042 2706 1536 2816 prefatorum
1564 2705 1912 2787 adventu
1943 2707 2217 2786 civitas
2248 2707 2718 2787 Parisiensis
2750 2706 3052 2816 dilapsa
3082 2727 3225 2806 est,
3252 2728 3619 2789 matrone
3642 2738 3824 2790 cum

1045 2842 1489 2951 virginibus
1534 2844 1616 2921 in
1660 2844 2148 2925 vestimentis
2195 2844 2658 2952 purpureis,
2724 2844 3160 2927 cicladibus
3212 2873 3407 2927 auro
3457 2847 3694 2955 textis
3735 2873 3825 2926 ac

1047 2980 1450 3060 immensis
1519 2980 1952 3061 monilibus
2020 2999 2491 3090 perornate,
2564 3009 2719 3093 que
2777 2981 2978 3062 liciis
3044 2982 3220 3064 telis
3288 2981 3389 3063 ad
3444 2982 3825 3064 fenestras

1049 3121 1427 3200 oloserica
1465 3139 1545 3199 et
1584 3123 1887 3230 tapecia
1929 3122 2291 3230 preciosa
2342 3117 2938 3229 suspendebant
2979 3118 3080 3199 ad
3126 3120 3518 3202 honorem
3561 3139 3825 3202 trans-

1049 3260 1419 3338 euncium
1442 3320 1461 3358 ‚
1515 3256 2063 3338 ostenderunt.
2109 3258 2409 3339 Iterum
2455 3286 2637 3337 cum
2689 3260 3239 3340 instrumentis
3287 3260 3607 3340 musicis
3645 3256 3821 3339 dul-

1049 3399 1244 3474 citer
1313 3395 1877 3478 resonantibus
1947 3396 2413 3504 peritissimi
2492 3396 2819 3506 juvenes
2873 3396 2958 3475 in
3026 3398 3283 3503 portis
3342 3414 3424 3475 et
3489 3396 3829 3477 civitatis

1049 3534 1416 3641 compitis
1480 3530 1792 3613 divinas
1851 3561 1940 3612 ac
2001 3528 2557 3625 memorandas
2605 3533 3053 3641 priscorum
3109 3532 3503 3640 hystorias
3564 3531 3827 3641 effigie

1050 3667 1448 3777 corporali
1511 3665 2078 3748 delectabiliter
2139 3685 2642 3748 recensentes
2660 3728 2679 3766 ,
2745 3668 2832 3748 in
2897 3665 3242 3748 adventu
3290 3670 3560 3782 regine
3617 3668 3831 3749 velut

1046 3804 1579 3914 spectaculum
1644 3803 2102 3885 delectabile
2166 3806 2413 3883 eciam
2467 3803 2997 3902 habebantur,
3067 3806 3240 3913 qui,
3304 3801 3648 3917 quadam
3708 3807 3827 3885 vi-

1050 3944 1294 4024 dendi
1330 3944 1705 4025 aviditate
1744 3946 2175 4041 invitante,
2217 3942 2814 4023 transeuncium
2853 3959 3218 4051 aspectus
3260 3971 3422 4023 non
3461 3943 3830 4023 sinebant

1049 4082 1351 4161 saciari.
1397 4082 1646 4161 Erant
1686 4098 1768 4160 et
1806 4084 1892 4160 in
1933 4080 2202 4159 multis
2242 4080 2446 4159 locis
2479 4078 2926 4159 artificiales
2960 4080 3299 4188 piscine,
3340 4079 3578 4179 lacte,
3601 4080 3828 4191 aquis

1048 4222 1403 4333 vinoque
1430 4216 2020 4328 limpidioribus
2038 4215 2614 4309 redundantes.
2644 4218 2745 4298 Et
2776 4216 2923 4299 hec
2961 4215 3273 4326 singula
3308 4216 3526 4298 lento
3558 4245 3828 4327 gressu

1049 4360 1322 4466 regina
1388 4356 1926 4466 pertransiens
1969 4373 2051 4434 et
2110 4357 2690 4464 complacenter
2732 4357 3123 4467 aspiciens
3143 4417 3163 4454 ,
3228 4358 3830 4466 superveniente

1048 4511 1447 4591 nocturno
1488 4493 1951 4603 crepusculo
1972 4554 1992 4592 ,
2032 4491 2135 4574 ad
2174 4492 2579 4572 ecclesiam
2613 4493 2842 4573 beate
2873 4493 3122 4575 Marie
3151 4493 3610 4592 deducitur3
3649 4493 3786 4574 ubi
3806 4557 3825 4591 ,

1053 4633 1276 4717 brevi
1319 4634 1693 4711 oracione
1732 4648 2050 4741 peracta
2068 4690 2089 4729 ,
2125 4628 2226 4710 ad
2268 4631 2665 4711 Palacium
2704 4626 2897 4711 inde
2928 4630 3335 4714 reducitur
3367 4648 3766 4713 cenatura.

1165 4767 1701 4878 subsequenti
1745 4767 1875 4849 die
1919 4768 2141 4867 lune,
2190 4768 2396 4847 circa
2441 4764 2892 4867 meridiem,
2938 4796 3077 4848 rex
3115 4769 3456 4853 Karolus
3498 4767 3824 4850 indutus
