4666 6014
1049 697 1196 771 336
1556 689 2242 768 CHRONIGORUM
2291 693 2650 770 KAROLI
2699 696 2985 773 sEx'n
3032 700 3211 774 LIB.
3270 701 3359 779 V.
3394 713 3401 718 “

1049 848 1327 927 teriret
1343 906 1363 943 ,
1402 846 1490 924 in
1522 872 1678 956 qua
1721 842 2121 925 sexdecim
2155 874 2324 927 non
2365 845 2846 928 efferrentur
2879 847 3201 932 funera:
3224 881 3383 966 que
3423 870 3504 935 et
3542 855 3612 936 si
3651 856 3848 939 insi-

1047 985 1326 1093 gnium
1358 1010 1525 1063 esse
1557 985 1724 1092 regi
1763 983 2340 1065 nunciarentur
2359 1047 2377 1083 ‚
2414 986 2717 1094 regiam
2734 986 3424 1096 magnificenciam
3454 993 3808 1075 retinens
3827 1056 3846 1092 ‚

1044 1107 1164 1201 ne'
1208 1138 1545 1202 terreret
1598 1122 2054 1203 assistentes
2079 1185 2098 1219 ,
2160 1122 2422 1203 solum
2469 1151 2703 1203 orare
2750 1152 2903 1234 pro
2954 1125 3151 1235 ipsis
3204 1124 3637 1210 indicabat.
3690 1130 3847 1213 Sed

1044 1262 1257 1339 inter
1285 1258 1768 1342 domesticos
1808 1258 2245 1340 infaustum
2269 1290 2504 1342 suum
2532 1289 2937 1371 agressum
2963 1249 3489 1373 ingemiscens
3512 1329 3532 1367 ,
3563 1268 3847 1350 incon-

1040 1397 1481 1480 solabiliter
1521 1397 1868 1479 deflebat
1909 1400 2239 1480 nomina
2278 1400 2809 1509 singulorum.

1154 1537 1257 1617 Et
1280 1539 1344 1617 si
1384 1554 1509 1618 tot
1542 1536 1990 1620 infortunia
2018 1535 2363 1620 dixerim
2387 1540 3027 1621 constantissime
3064 1541 3482 1649 pertulisse
3530 1571 3677 1626 nec
3700 1573 3846 1627 un-

1032 1703 1277 1788 quam
1321 1678 1628 1756 strenui
1663 1674 1942 1760 militis
1981 1678 2725 1785 magnanimitatem
2761 1677 3070 1762 exuisse
3092 1739 3113 1777 ,
3156 1705 3305 1759 nec
3342 1681 3844 1764 reticendum

1037 1813 1307 1892 sencio
1341 1810 1563 1925 quod
1595 1812 1803 1896 clare
1835 1814 2174 1922 originis
2205 1842 2346 1895 sue
2376 1842 2714 1914 memor,
2747 1832 2839 1895 ut
2867 1842 2994 1895 res
3023 1813 3405 1918 laudabili
3439 1816 3600 1900 fine
3636 1820 3845 1907 clau-

1036 1948 1361 2032 deretur
1383 2013 1401 2050 ,
1465 1948 1723 2031 decies
1777 1948 2321 2032 adversarium
2371 1949 2475 2032 ad
2550 1951 2894 2061 prelium
2951 1954 3270 2034 nunciis
3332 1973 3411 2034 et
3475 1956 3840 2066 apicibus

1032 2090 1499 2196 provocavit
1524 2150 1542 2185 ,
1585 2105 1866 2201 totque
1896 2105 1977 2169 et
2010 2089 2255 2169 tantis
2298 2089 3002 2196 increpacionibus
3042 2111 3265 2172 suam
3308 2091 3836 2199 pusillanimi-

1033 2245 1276 2307 tatem
1316 2227 1837 2338 exprobravit
1860 2290 1879 2323 ‚
1913 2226 2136 2340 quod
2168 2229 2388 2308 exire
2421 2244 2705 2307 contra
2737 2256 2921 2308 eum
2961 2229 3047 2308 in
3079 2227 3368 2309 bellico
3405 2249 3797 2341 apparatu
3815 2231 3856 2332 ,’

1028 2385 1120 2448 ut
1158 2393 1345 2474 sepe
1366 2366 1632 2447 verbis
1673 2367 2190 2475 promiserat,
2224 2353 2682 2484 juramento
2719 2363 3117 2446 solidavit.
3162 2364 3259 2447 Id
3285 2366 3619 2450 Francis
3652 2397 3834 2480 pre-

1025 2503 1324 2583 liorum
1370 2500 1848 2585 avidissimis
1889 2522 2208 2614 gratum
2252 2504 2410 2585 fuit
2432 2565 2452 2603 ‚
2495 2520 2575 2584 et
2605 2504 2888 2613 pocius
2918 2503 3158 2585 semel
3193 2504 3384 2585 belli
3421 2505 3836 2589 fortunam

1028 2644 1379 2752 experiri
1425 2670 1668 2754 quam
1714 2660 2101 2753 perpetua
2145 2641 2552 2723 tabescere
2599 2638 2890 2721 inedia.
2942 2642 3043 2722 Et
3091 2641 3279 2755 quia
3327 2642 3414 2720 in
3460 2644 3834 2726 comitiva

1025 2778 1257 2866 multi
1293 2777 1607 2860 nobiles
1637 2797 1804 2859 tam
1828 2805 2117 2887 genere
2145 2806 2391 2890 quam
2412 2776 2886 2858 strenuitate
2914 2777 3295 2887 preclari,
3334 2784 3830 2889 consumptis

1026 2917 1319 3026 opibus
1395 2919 1679 3028 inopes
1741 2916 1931 2997 facti
1961 2980 1979 3017 ,
2043 2944 2294 3029 equos
2349 2944 2516 2996 non
2571 2912 2983 2995 habebant
3010 2976 3030 3015 ‚
3103 2916 3400 3025 partim
3472 2916 3778 3026 pedites
3808 2981 3827 3020 ‚

1024 3055 1323 3163 partim
1371 3048 1613 3165 super
1655 3057 1925 3139 asinos
1966 3072 2048 3136 et
2090 3054 2275 3136 vilia
2324 3054 2688 3165 jumenta
2716 3114 2736 3152 ‚
2780 3053 3221 3163 anticipare
3261 3051 3478 3136 diem
3518 3084 3788 3166 pugne
3806 3120 3825 3156 ‚

1023 3220 1189 3272 non
1260 3192 1411 3274 sub
1483 3193 2023 3276 relucentibus
2110 3221 2307 3273 auro
2381 3192 2674 3272 tunicis
2700 3253 2721 3291 ,
2799 3189 2939 3271 sed
3021 3190 3515 3300 rubiginosis
3585 3196 3828 3277 armis

1021 3347 1368 3410 mentem
1450 3331 1759 3419 virilem
1829 3348 2193 3442 gerentes
2225 3392 2246 3430 ,
2330 3329 2644 3439 magnis
2709 3328 3139 3410 itineribus
3204 3329 3822 3413 contenderunt.

1018 3466 1279 3549 Tanta
1325 3461 1574 3550 eciam
1611 3456 1818 3550 tunc*
1859 3468 2016 3551 fuit
2054 3486 2135 3549 et
2173 3470 2259 3555 in
2300 3496 2488 3586 rege
2527 3494 2795 3548 rerum
2845 3465 3466 3551 domesticarum
3506 3470 3778 3580 inopia
3801 3532 3821 3568 ,

1020 3606 1242 3720 quod
1273 3637 1425 3726 pro
1468 3611 1741 3693 tunica
1777 3608 2022 3718 regali
2061 3637 2259 3695 auro
2293 3625 2510 3693 texta
2532 3670 2551 3709 ‚
2588 3608 2798 3687 linea
2833 3606 3019 3695 liliis
3051 3608 3350 3688 croceis
3396 3608 3608 3716 picta
3640 3635 3824 3688 eum

1024 3747 1482 3855 oportuerit
1526 3745 1869 3861 desuper
1923 3747 2323 3857 insigniri.
2387 3743 2547 3829 Sed
2603 3773 2786 3830 cum
2831 3746 3043 3829 acies
3100 3773 3327 3825 more
3375 3744 3615 3826 solito
3660 3763 3820 3826 sta-

1019 3885 1298 3965 tuisset
1319 3947 1338 3985 ,
1410 3867 1660 3968 eciam
1719 3883 2042 3966 vidente
2104 3885 2337 3966 hoste
2366 3946 2387 3984 ,
2459 3886 2602 3997 qui
2664 3882 2880 3993 apud
2958 3883 3297 3963 Berlette
3367 3881 3773 3964 residebat
3797 3947 3816 3983 ‚

1021 4047 1153 4100 eas
1192 4049 1361 4101 non
1397 4039 1518 4102 est
1548 4048 1785 4103 ausus
1828 4019 2319 4103 descendens
2359 4050 2541 4102 cum
2570 4022 2734 4101 suis
2770 4020 3197 4120 invadere3
3231 4038 3313 4102 et
3351 4047 3455 4101 ne
3486 4022 3827 4131 promis-

1019 4184 1298 4239 sorum
1344 4178 1886 4271 transgressor
1939 4177 2358 4249 notaretur
2387 4222 2407 4260 ‚
2460 4188 2648 4241 suos
2678 4188 2823 4273 per
2858 4188 3102 4240 unam
3143 4175 3464 4269 portam
3503 4156 3784 4240 eduxit
3802 4222 3821 4258 ‚

1022 4315 1105 4377 et
1145 4324 1292 4408 per
1342 4295 1577 4389 aliam
1624 4300 1710 4388 in
1763 4299 2006 4385 armis
2054 4297 2633 4407 refulgentibus
2684 4296 3028 4380 reduxit.
3078 4297 3210 4379 Sic
3250 4326 3335 4378 se
3365 4294 3826 4383 fraudatum

1024 4465 1068 4525 a
1137 4433 1537 4517 desiderio
1613 4463 1755 4519 rex
1834 4434 2353 4546 indignanter
2424 4434 2840 4545 perferens
2921 4436 3372 4548 Barumque
3457 4433 3775 4517 rediens
3800 4495 3822 4531 ‚

1021 4603 1206 4657 cum
1271 4576 1827 4684 ingruencium
1889 4573 2437 4656 molestiarum
2503 4575 2778 4685 jugem
2845 4575 3244 4655 sarcinam
3310 4601 3478 4657 non
3526 4571 3776 4652 ferret
3801 4634 3820 4670 ‚

1019 4728 1346 4794 vexatus
1423 4708 1880 4820 egritudine
1949 4711 2154 4794 lecto
2228 4706 2611 4795 dedubuit
2637 4774 2658 4812 ,
2731 4728 2814 4792 et
2886 4728 2981 4793 ut
3028 4738 3276 4793 wverus
3336 4706 3772 4790 catholicus
3801 4769 3820 4805 ‚

1023 4850 1315 4936 mensis
1371 4850 1848 4959 septembris
1894 4851 2264 4933 vicesima
2320 4851 2584 4971 prima
2638 4846 2807 4950 die,
2864 4850 3284 4971 expiravit.
3334 4847 3584 4956 Cujus
3637 4874 3819 4933 exe·-
