4666 6014
1015 683 1155 770 32‘6
1505 691 2188 768 CHRONfflORUM
2237 683 2600 765 KAROLI·
2641 685 2927 763 sssx'n
2977 687 3151 763 LIB.'
3207 689 3299 763 V.

1022 875 1271 959 usque
1311 843 1414 924 ad
1447 843 1708 951 regale
1739 841 2134 923 Palacium
2168 842 2742 953 perduxerunt.
2789 839 3020 920 Tunc
3066 835 3321 920 eidem
3365 838 3553 920 sede
3584 845 3803 949 regia

1015 1014 1156 1066 rex
1201 981 1702 1063 familiariter
1747 1010 2166 1088 assurgens
2187 1044 2205 1080 ,
2260 1000 2341 1060 et
2385 983 2601 1091 pacis
2646 978 3002 1060 osculum
3045 977 3470 1089 debiteque
3521 977 3806 1059 saluta-

1017 1124 1272 1200 cionis
1292 1149 1472 1199 cum
1507 1119 1755 1199 multa
1789 1119 2284 1199 humanitate
2315 1117 2775 1229 dependens
2804 1109 3169 1214 affatum,
3204 1117 3450 1206 ‚verbo
3488 1135 3567 1196 et
3601 1135 3803 1197 nutu

1010 1257 1404 1367 significat
1427 1286 1608 1336 cum
1627 1257 1874 1336 multa
1898 1259 2190 1358 mentis
2212 1257 2634 1364 hylaritate
2648 1285 2875 1336 suum
2896 1256 3329 1362 suscepisse
3347 1251 3799 1338 adventum.

1009 1392 1174 1475 Nec
1221 1394 1364 1474 diu
1412 1411 1820 1503 protracta
1865 1421 2091 1484 mora
2112 1456 2130 1490 ,
2181 1423 2373 1473 cum
2416 1396 2503 1472 in
2546 1394 3025 1478 consistorio
3074 1390 3534 1499 principum
3577 1391 3804 1469 mise-

1005 1538 1165 1613 rias
1186 1595 1203 1630 ,
1249 1561 1444 1643 quas
1490 1559 1763 1639 passus
1808 1530 2070 1610 fuerat
2090 1594 2108 1627 ,
2156 1531 2527 1611 flebiliter
2577 1534 2603 1575 ¹
2654 1530 3162 1610 declamasset
3225 1545 3304 1607 et
3351 1529 3802 1614 assistentes

1008 1667 1107 1747 ad
1143 1669 1777 1775 compassionem
1807 1655 2243 1766 incitasset,
2279 1697 2417 1748 rex
2453 1670 2824 1780 inquiens
2860 1698 2876 1745 ε
2919 1668 3146 1780 «Nos
3179 1667 3531 1745 nominis
3562 1668 3802 1744 vestri

1013 1783 1050 1877 f<
1084 1804 1335 1885 odore
1386 1806 1608 1885 bono
1663 1823 1745 1884 et
1788 1834 2123 1915 operum
2162 1809 2397 1886 tracti
2444 1805 2872 1916 flagi-ancia
2911 1833 3052 1884 vos
3089 1803 3348 1883 colere
3384 1805 3804 1912 proposui-

1013 1978 1049 2018 «
1080 1965 1256 2023 mus
1289 1960 1368 2022 et
1400 1946 1876 2052 propensius
1899 1931 2355 2041 lionorare,
2394 1961 2834 2024 statuentes
2868 1959 2957 2021 ut
2988 1940 3373 2050 deinceps
3399 1968 3496 2022 ex
3538 1944 3798 2020 erario

1008 2116 1043 2156 α
1080 2080 1324 2189 regali
1372 2083 1832 2189 percipiatis
1876 2084 2298 2162 annuatim
2359 2079 2575 2160 unde
2617 2077 2937 2160 valeatis
2985 2095 3281 2159 statum
3327 2077 3799 2164 continuare

1014 2253 1050 2289 «
1082 2218 1446 2326 regalem.
1494 2253 1531 2292 n

1960 2498 2631 2579 cAplTULUM
2697 2469 2839 2582 v‘1.

1548 2733 1636 2791 De
1669 2734 1784 2791 vita
1804 2775 1820 2804 ,
1851 2707 2109 2792 moribus
2137 2745 2313 2812 atque
2340 2745 2523 2792 morte
2551 2732 2832 2854 Ligdovici
2861 2687 3012 2814 regis
3040 2731 3254 2791 Sicilie.

1120 2965 1332 3043 Dum
1349 3024 1368 3059 ,
1419 2958 1838 3042 attendens
1883 2990 2150 3042 casum
2193 2964 2427 3071 regni
2472 2963 2850 3042 Armenie
2878 3025 2896 3059 ,
2953 2943 3410 3041 dementare
3453 2958 3800 3040 dicerem

1007 3102 1146 3211 qui
1194 3128 1437 3207 regna
1496 3097 1728 3179 velud
1782 3098 2010 3180 uncis
2060 3100 2355 3194 ferreis,
2398 3100 2728 3209 scopulo
2782 3100 2868 3178 in
2913 3090 3430 3189 adamantino
3482 3099 3800 3178 firmare

1009 3254 1426 3335 conantur,
1463 3235 1976 3317 illustrissimi
2004 3236 2228 3337 ducis
2254 3236 2713 3346 Andegavie
2733 3234 3121 3316 Ludovici
3138 3297 3159 3333 ,
3191 3236 3346 3315 viri
3364 3263 3509 3344 per
3530 3237 3809 3321 omnia

1008 3350 1550 3483 amplectende
1581 3372 2198 3481 recordacionis,
2231 3393 2634 3454 extremus
2666 3372 3131 3487 mortalium
3160 3374 3556 3470 actuum’,
3579 3371 3797 3484 quod

1008 3530 1126 3591 est
1157 3514 1406 3610 mori,
1438 3512 1682 3592 michi
1734 3500 2118 3607 occurrit3
2153 3541 2393 3624 quem
2434 3512 2618 3591 finis
2658 3512 3086 3621 princeps⁸
3132 3508 3797 3619 intollerabilibus

1007 3652 1348 3761 miseriis
1396 3652 1737 3758 agitatus
1788 3653 2205 3758 occupavit
2233 3713 2250 3748 ,
2292 3644 2481 3730 cum
2519 3649 2783 3730 Sicilie
2832 3651 3057 3758 regni
3096 3649 3384 3728 solium
3418 3645 3797 3727 scandere

1008 3785 1314 3865 viribus
1340 3778 1770 3894 satagebat.
1805 3788 2094 3868 Procul
2126 3787 2378 3867 dubio
2404 3815 2687 3867 manus
2717 3786 2975 3866 libens
3007 3785 3394 3864 calamum
3418 3812 3464 3862 a
3506 3812 3801 3891 propo-

1011 3923 1165 4000 sito
1202 3926 1703 4023 retraxisset3
1746 3923 1884 4004 sed
1919 3950 2075 4037 que
2111 3922 2778 4005 commendabilia
2805 3921 2926 4001 vel
2958 3937 3148 4001 note
3176 3921 3677 4029 subjacencia
3706 3924 3803 4000 ex

1011 4061 1259 4167 stirpe
1312 4060 1531 4168 regia
1579 4060 2030 4169 procedunt
2070 4064 2420 4170 suscepit
2444 4060 2746 4141 'litteris
2791 4057 3383 4149 commendare.⁸
3424 4060 3525 4138 Et
3573 4057 3753 4149 ideo
3783 4123 3802 4158 ,

1013 4224 1195 4274 cum
1246 4199 1681 4278 successive
1723 4198 1929 4278 filius
1953 4261 1973 4296 ,
2012 4198 2262 4279 frater
2310 4216 2392 4278 et
2430 4218 2762 4309 patruus
2792 4181 3503 4289 serenissimorum*
3526 4225 3806 4305 regum

1012 4334 1508 4414 Francorum
1533 4338 1911 4430 extiterit,
1953 4337 2269 4418 incivile
2295 4340 2489 4418 satis
2508 4354 2715 4417 esset
2734 4335 2973 4417 finem
3004 4337 3175 4447 ejus
3194 4339 3614 4444 attingere,
3647 4334 3803 4415 nisi

1013 4475 1236 4580 prius
1267 4470 1369 4553 de
1387 4475 1550 4553 vita
1576 4490 1658 4553 et
1683 4475 1864 4584 ejus
1881 4476 2245 4556 moribus
2267 4476 2531 4588 aliqua
2561 4464 3019 4555 summatim
3044 4477 3797 4585 pei-stringerentur.

1087 4690 1102 4715 ¹
1140 4679 1279 4733 Var.
1307 4699 1321 4726 ι
1351 4689 1415 4733 n⁰
1440 4676 1612 4753 5960,
1643 4678 1741 4734 fol.
1767 4678 1843 4756 59
1868 4681 2228 4753 r.,fideliter.
2519 4684 2537 4712 ⁸
2585 4683 2726 4739 Var.
2756 4708 2770 4737 .-
2800 4702 2862 4738 no
2888 4682 3059 4758 5960,
3088 4681 3187 4737 fol.
3214 4679 3288 4755 59
3312 4701 3384 4748 ι,
3412 4696 3667 4752 preceps.

1085 4775 1103 4797 ³
1144 4765 1220 4818 Le
1239 4775 1362 4820 mot
1385 4773 1639 4834 actuum,
1672 4768 1974 4839 enipi-unte
2014 4783 2087 4820 au
2109 4773 2173 4821 n⁰
2199 4764 2369 4841 5960,
2466 4800 2471 4807 ·

1013 4849 1110 4904 fol.
1140 4847 1212 4923 59
1229 4869 1312 4917 v.,-
1336 4867 1575 4924 manque
1602 4850 1740 4905 dans
1763 4851 1817 4908 le
1840 4858 1905 4906 n⁰
1930 4848 2091 4925 5958.
2208 4906 2215 4919 ,
