4666 6014
1076 648 1228 722 492
1520 643 2204 720 CHRONICORUM
2252 644 2608 720 KAROLI
2656 643 2941 720 SEXTI
2988 643 3166 722 LIB.
3223 641 3413 722 vul.

1083 795 1333 878 modo
1374 815 1642 878 ments
1696 799 1867 907 ejus
1915 798 2256 879 emolliri
2309 800 2716 908 protervia
2737 861 2756 899 ‚
2804 798 2908 880 ad
2950 800 3418 908 episcopum
3472 800 3869 883 Parisien-

1080 962 1246 1015 sem
1290 962 1604 1015 causam
1650 937 1883 1015 istam
1931 963 2139 1048 equo
2182 934 2487 1047 judicio
2529 936 2935 1018 deffernnt
2984 935 3601 1018 terminandam.

1193 1068 1437 1172 Quod
1484 1100 1921 1180 agnoscens
1959 1071 2219 1153 dictus
2270 1063 2583 1173 d’octor,
2621 1101 3062 1185 verensque
3112 1072 3487 1184 ergastuli
3548 1071 3868 1155 diutur-

1082 1236 1278 1287 num
1308 1205 1714 1288 fastidium
1735 1271 1755 1308 ‚
1809 1210 2009 1291 clam
2058 1209 2159 1290 de
2205 1212 2553 1291 Parisius
2596 1211 2957 1311 recessit,
2989 1229 3069 1291 et
3110 1209 3213 1292 ad
3263 1211 3707 1292 Romanam
3744 1227 3876 1291 cu·

1083 1344 1323 1442 riam,
1366 1373 1522 1456 que
1560 1346 1942 1426 Avinioni
1976 1345 2378 1446 residebat
2398 1409 2417 1447 ‚
2451 1376 2537 1428 se
2573 1347 2983 1428 transtulit
3007 1409 3028 1446 ‚
3063 1375 3392 1456 sperans
3422 1346 3541 1426 ibi
3578 1345 3872 1426 multos

1084 1479 1459 1559 officiales
1504 1482 1824 1590 papales
1865 1485 1988 1562 sui
2037 1481 2349 1563 ordinis
2398 1485 2748 1591 reperire
2768 1544 2789 1581 ,
2834 1484 2975 1594 qui
3021 1484 3236 1591 parti
3287 1507 3426 1563 sue
3467 1481 3867 1562 favebant.

1083 1618 1526 1728 Episcopus
1579 1637 1840 1698 autem
1893 1619 2398 1718 ParisiensiS,
2454 1617 2554 1699 de
2611 1619 2947 1699 consilio
2997 1620 3084 1698 in
3124 1618 3305 1727 jure
3356 1619 3742 1700 canonico
3793 1636 3871 1698 et

1086 1752 1359 1835 divino
1399 1755 1843 1863 peritorum
1863 1819 1882 1854 ‚
1917 1752 2137 1867 quod
2174 1757 2261 1836 in
2300 1756 2710 1836 absentem
2739 1739 3162 1866 nequibat,
3203 1756 3293 1834 in
3325 1754 3871 1835 conclusiones

1085 1909 1352 1971 tamen
1409 1891 1586 1972 suas
1638 1891 2036 2000 justiciam
2093 1890 2579 1990 exercendo,
2639 1893 2881 1972 sacris
2943 1890 3291 1970 vestibus
3354 1887 3718 1988 induam,
3783 1892 3871 1972 in

1089 2029 1438 2134 parvisio
1471 2029 1547 2109 N
1550 2047 1763 2109 ostre
1794 2032 2142 2109 Domine
2163 2091 2182 2129 ,
2230 2028 2673 2144 astantibus
2698 2027 3100 2134 magistris
3148 2043 3228 2105 et
3282 2024 3749 2106 doctoribus
3781 2053 3871 2108 ac
3934 2055 3943 2062 ·

1087 2166 1503 2276 utriusque
1542 2194 1773 2246 sexus
1814 2166 2095 2275 populi
2121 2163 2636 2264 multitudine
2678 2164 2845 2244 fere
2886 2161 3489 2260 innumerabili,
3512 2189 3651 2243 eas
3689 2180 3870 2243 tan-

1090 2328 1329 2412 quam
1367 2302 1753 2382 hereticas
1792 2322 1884 2383 ac'
1935 2302 2120 2383 fidei
2174 2303 2615 2382 contrarias
2671 2299 3256 2390 sentencialiter
3304 2297 3865 2410 promulgavit.

1087 2436 1219 2515 Ab
1264 2436 1413 2515 hac
1453 2455 1718 2518 tamen
1765 2441 2166 2519 sentencia
2205 2439 2812 2552 prenominatus
2858 2436 3233 2544 magister
3282 2413 3383 2514 ad
3428 2435 3873 2515 Romanam

1091 2575 1395 2652 curiam
1443 2575 1906 2682 appellavit3
1964 2573 2104 2655 sed
2153 2574 2591 2682 appellacio
2643 2570 2930 2653 frivola
2983 2572 3332 2692 ingentis
3379 2569 3727 2651 scandali
3783 2600 3872 2653 ac

1092 2705 1260 2787 odii
1292 2708 1653 2790 fomitem
1685 2712 2214 2809 ministravit3
2254 2729 2336 2790 et
2362 2709 2515 2789 illis
2554 2709 2835 2792 similis
2876 2708 3131 2788 factus
3169 2724 3325 2809 est,
3358 2710 3498 2819 qui
3517 2768 3536 2806 ‚
3567 2725 3870 2820 quanto

1088 2847 1573 2952 pertinacius
1606 2827 2128 2954 ignominiam
2173 2875 2397 2927 suam
2438 2847 2774 2954 cupiunt
2811 2844 3204 2934 occultare
3226 2901 3247 2943 ‚
3285 2842 3463 2953 plus
3494 2842 3873 2952 detegunt

1092 2999 1173 3061 et
1199 2979 1639 3090 divulgant.
1671 2984 1877 3063 Nam
1903 2981 2275 3093 deinceps
2313 2984 2571 3065 sancti
2597 2983 2999 3062 Dominici
3037 2979 3347 3063 ordinis
3385 2981 3874 3092 professores

1093 3115 1679 3225 disputaciones
1698 3181 1719 3219 ,
1773 3138 2075 3200 ceteros
2137 3148 2459 3233 quoque
2507 3134 2729 3201 actus
2802 3119 3256 3199 scolasticos
3319 3116 3828 3230 frequentare
3854 3181 3873 3216 ,

1094 3271 1232 3333 aut
1261 3282 1451 3361 -per-
1482 3258 1833 3366 compita
1885 3256 2007 3336 vel
2065 3257 2284 3337 vi'cos
2337 3256 2566 3336 urbis
2612 3256 3080 3335 Parisiensis
3134 3256 3624 3363 pertransire
3683 3273 3876 3336 tunc

1094 3390 1539 3502 nequibant
1557 3452 1577 3492 ,
1628 3394 1827 3503 quin
1859 3420 2042 3471 cum
2068 3393 2464 3501 vituperio
2499 3410 2579 3471 et
2611 3390 3167 3500 ignominiosis
3194 3391 3458 3473 verbis
3487 3391 3592 3470 ab
3622 3392 3879 3471 omni-

1095 3525 1244 3607 bus
1276 3529 1748 3611 subsannati
1783 3527 2039 3639 digito
2074 3528 2712 3611 ostenderentur.

1206 3666 1312 3746 Et
1356 3664 1580 3778 quod
1630 3663 2199 3767 deterius'fuit‚
2245 3665 2440 3748 dum
2482 3670 2595 3748 sic
2624 3668 2917 3749 samam
2956 3668 3448 3778 negligerent
3471 3727 3490 3765 ‚
3544 3664 3874 3777 quidam

1097 3803 1335 3912 hujus
1378 3801 1689 3884 ordinis
1725 3804 2131 3913 professor
2151 3866 2170 3904 ‚
2219 3805 2306 3884 in
2343 3805 2529 3885 villa
2579 3806 3203 3914 Rothomagensi
3236 3801 3872 3914 predicacionem

1085 3935 1199 4016 ad
1252 3939 1564 4046 plebem
1620 3940 1916 4021 faciens
1972 3960 2053 4021 et
2101 3941 2397 4050 prefati
2431 3942 2788 4051 magistri
2847 3944 3369 4052 oppinionem
3425 3942 3824 4054 sustinens
3851 4003 3870 4039 ,

1100 4075 1630 4157 beatissimam
1671 4077 2090 4186 Virginem
2148 4077 2480 4179 Mariam
2527 4098 2992 4188 conceptam
3046 4079 3291 4158 ‘fuisse
3346 4079 3429 4156 in
3501 4076 3871 4186 originali

1100 4233 1423 4323 peccato
1448 4215 1854 4298 evidenter
1881 4246 1964 4297 se
1988 4219 2520 4328 probaturum
2545 4216 2987 4329 spopondit
3007 4217 3157 4297 sub
3183 4245 3389 4329 pena
3421 4216 3872 4296 vocacionis

1098 4352 1393 4450 Hueti;
1422 4373 1501 4434 et
1531 4354 1664 4435 hic
1712 4353 1814 4433 ad
1853 4352 2287 4436 derisiones
2325 4355 2715 4465 populum
2752 4352 3087 4462 amplius
3135 4352 3528 4465 egrcitayit.
3574 4348 3870 4435 Secun-

1096 4486 1293 4568 dum
1321 4470 1712 4599 ¹vulgalem
1736 4489 2064 4572 modum
2097 4490 2480 4605 loquendi
2502 4554 2521 4592 ‚
2560 4492 2715 4572 hoc
2746 4520 3044 4572 nomen
3073 4489 3397 4571 demoni
3428 4484 3872 4603 ascribeba-

1095 4642 1228 4704 tur
1246 4687 1267 4724 ,
1302 4629 1682 4738 quociens
1722 4631 2128 4737 passiones
2170 4659 2394 4711 aeree
2432 4630 2641 4710 ultra
2689 4607 3476 4721 modurn-'seviebaht
3519 4612 3871 4707 solitum.

1094 4763 1198 4841 Et
1234 4766 1422 4874 quia
1454 4767 1866 4874 promissis
1896 4796 2063 4849 non
2094 4768 2477 4849 satisfecit
2488 4784 3090 4877 'competentem
3122 4794 3304 4849 cum
3335 4779 3537 4847 esset
3568 4763 3877 4866 impos-
