4666 6014
1099 669 1243 744 574
1563 658 2245 736 OEfflONIGORUM
2296 656 2652 732 KAROLI
2701 658 2988 735 SEXTI
3037 661 3214 736 LIB.
3268 662 3403 736 IX.

1096 812 1595 924 temporibus
1632 813 1915 890 mortis
1958 810 2460 889 occasionem
2492 805 2850 908 induxit,
2890 811 3066 890 sine
3108 838 3342 892 causa
3383 809 3681 893 eisdem
3730 815 3879 896 im·-

1093 970 1556 1065 poneretur.
1601 946 1803 1029 Inde
1836 937 2247 1048 nonnulli,
2298 946 2598 1030 relictis
2646 950 3003 1054 paternis
3037 947 3313 1030 fundis
3345 967 3427 1030 et
3464 948 3877 1051 domibus,

1093 1092 1420 1173 exilium
1468 1087 1754 1168 edibus
1799 1086 2156 1195 propriis
2212 1085 2760 1195 preferebant,
2820 1086 2906 1164 in
2953 1085 3583 1168 diminucionem
3622 1092 3880 1197 patrie

1094 1257 1261 1309 non
1314 1226 1710 1307 modicam
1763 1242 1845 1304 et
1882 1223 2164 1333 procul
2200 1220 2457 1302 dubio
2496 1219 2997 1323 diuturnam,
3050 1226 3210 1304 nisi
3257 1225 3625 1334 majestas
3663 1231 3880 1336 regia

1094 1366 1532 1448 obstitisset
1551 1426 1570 1462 ,
1602 1379 1681 1443 et
1713 1363 1870 1443 hoc
1895 1358 2248 1474 quodam
2270 1356 2607 1444 doctore
2634 1362 2722 1442 in
2760 1388 2983 1441 sacra
3011 1363 3304 1471 pagina
3325 1424 3346 1462 ,
3369 1362 3670 1445 scilicet
3709 1393 3878 1445 ma·-

1092 1507 1344 1612 gistro
1385 1499 1755 1582 Johanne
1801 1497 1902 1578 de
1932 1495 2251 1578 Grandi
2281 1496 2526 1596 Silva,
2560 1494 2872 1579 ordinis
2902 1499 3156 1579 sancti
3198 1499 3622 1599 Bernardi,
3652 1499 3879 1583 Tho-

1087 1642 1419 1721 losensis
1450 1636 1812 1733 diocesis,
1850 1653 2361 1745 procurante.
2401 1633 2682 1744 Nuper
2712 1631 3074 1747 quidem,
3101 1638 3357 1717 victus
3390 1640 3877 1746 compatrio-

1093 1797 1349 1859 tarum
1383 1774 1794 1920 precibuS,
1826 1768 2048 1885 quod
2081 1770 2381 1880 pluries
2408 1772 2558 1852 viis
2587 1768 2914 1851 multis
2891 1798 3288 1852 lncassum
3314 1791 3875 1906 temptaverat,

1093 1941 1404 2023 semper
1462 1938 1607 2048 per
1657 1906 2049 2022 quosdam
2108 1906 2406 1988 aulicos
2476 1926 2557 1987 et
2618 1879 2846 1988 ducis
2901 1906 3327 1989 familiares
3401 1891 3835 2021 impeditus
3855 1976 3875 2012 ,

1093 2049 1637 2163 querimonias
1683 2073 1964 2126 eorum
2015 2046 2185 2152 regi
2222 2042 2565 2124 defferre
2605 2062 2686 2124 et
2716 2072 3092 2128 enarrare
3128 2064 3613 2156 susceperat;
3653 2048 3878 2159 quod

1092 2191 1303 2268 circa
1340 2184 1620 2267 eadem
1654 2201 2020 2292 tempora
2052 2181 2696 2262 constantissime
2730 2199 2816 2262 et
2855 2179 3196 2264 fideliter
3231 2185 3683 2295 complevit.
3727 2185 3880 2267 Ve-

1091 2329 1322 2406 niens
1368 2349 1713 2433 namque
1757 2321 2142 2418 Parisius,
2194 2347 2377 2399 cum
2414 2319 2900 2428 importunis
2947 2320 3324 2428 precibus
3377 2318 3873 2403 audienciam

1093 2466 1602 2573 impetrasset
1619 2521 1638 2557 ,
1671 2479 1945 2539 coram
1968 2483 2153 2565 rege
2190 2472 2271 2536 et
2304 2455 2476 2566 ejus
2504 2454 2945 2544 illustribus
2974 2457 3427 2537 exactiones
3446 2475 3876 2567 pretactaS,

1097 2601 1421 2680 sevicias
1452 2608 1535 2677 et
1564 2595 1858 2676 abusus
1881 2595 2197 2705 justicie
2227 2589 2477 2672 libere
2499 2588 2950 2690 declaravit,
2986 2591 3441 2703 supplicans
3471 2594 3878 2676 humiliter

1094 2739 1310 2846 regie
1349 2729 1772 2816 clemencie
1797 2749 1892 2812 ut
1928 2731 2361 2843 Aquitanie
2396 2727 2848 2809 miserande
2876 2728 3226 2839 benigne
3251 2750 3876 2839 compateretur,

1093 2903 1197 2955 ne
1232 2871 1333 2954 ad
1359 2873 1725 2953 ultimum
1757 2861 2317 2950 exterminium
2347 2867 2775 2948 deveniret.
2816 2867 3355 2977 Proponentis
3394 2859 3721 2950 audacia
3762 2899 3879 2951 as-

1095 3010 1560 3093 sistentibus
1612 3006 2231 3093 admiracionem
2300 3003 2668 3106 induxit,
2714 3005 3060 3087 maxime
3118 3035 3302 3089 cum
3361 3005 3524 3091 dux
3574 3007 3877 3090 Biturie

1093 3175 1418 3259 presens
1442 3166 1679 3247 esset;
1706 3143 1961 3245 unde,
1988 3172 2090 3226 ne
2117 3145 2475 3226 furorem
2502 3144 3009 3226 mortiferum
3039 3146 3127 3225 in
3158 3145 3389 3226 illum
3414 3147 3874 3257 religiosum

1089 3302 1623 3382 converteret,
1653 3310 1795 3364 rex
1828 3285 2093 3391 ipsum
2120 3284 2206 3361 in
2234 3283 2537 3390 regiam
2566 3285 2875 3392 accepit
2901 3280 3350 3364 custodiam
3372 3345 3393 3381 ,
3425 3301 3507 3364 et
3533 3287 3874 3393 patriam

1092 3422 1411 3501 visitare
1447 3418 2130 3501 irretractabiliter
2160 3419 2555 3525 promisit.
2763 3428 2774 3437 “

2025 3686 2689 3771 CAPITULUM
2749 3689 2935 3769 XV.

2139 3908 2239 3980 De'
2258 3922 2510 4001 quodam
2542 3908 2810 3983 heretico.

1205 4132 1420 4208 Dum
1444 4123 1880 4237 agebantur
1915 4122 2306 4234 predicta,
2359 4126 2445 4207 in
2475 4127 2661 4208 villa
2707 4126 3133 4209 Parisiensi
3165 4122 3493 4240 quidam
3517 4126 3871 4208 Thomas

1093 4267 1457 4365 nomine,
1510 4266 1846 4345 nacione
1890 4248 2239 4372 Apulus,
2279 4266 2422 4378 qui
2460 4262 2875 4403 ergastulis
2918 4267 3277 4375 episcopi
3316 4263 3457 4346 diu
3508 4261 3874 4347 detentus

1087 4406 1385 4504 fuerat,
1439 4420 1521 4484 et
1574 4404 1716 4513 qui
1762 4431 1845 4484 se
1882 4431 1929 4482 a
1975 4396 2283 4513 Spiritu
2331 4400 2627 4483 Sancto
2675 4404 3006 4484 missum
3053 4400 3158 4482 ad
3195 4388 3875 4485 'confundendum

1087 4569 1400 4625 errores
1424 4558 1505 4620 et
1534 4540 1869 4620 virtutes
1896 4537 2410 4663 exaltandum
2427 4539 2771 4622 firmiter
2788 4539 3219 4645 asserebat,
3244 4537 3876 4649 condempnatus

1085 4679 1261 4761 fuit.
1306 4672 1753 4780 Quemdam
1797 4703 2085 4786 nempe
2120 4676 2465 4776 librum,
2506 4706 2747 4787 quem
2795 4666 3133 4789 docente
3177 4676 3495 4785 Spiritu
3537 4677 3873 4775 Sancto,

1087 4833 1180 4901 ut
1212 4815 1592 4914 docebat,
1629 4810 2059 4896 didiscerat
2094 4831 2178 4894 et
2210 4816 2681 4932 scripserat,
2722 4812 3236 4913 ostendebat,
3275 4812 3717 4897 secundum
3765 4830 3881 4897 ta-
