4666 6014
1059 689 1206 764 4102
1517 667 2200 757 CHROMGORUM
2247 679 2605 755 KAROLI
2655 680 2943 755 SEXTI
2990 680 3166 754 LIB.
3220 680 3399 757 VIL-

1060 836 1434 919 fertiliori
1492 835 1723 941 regni
1743 895 1763 933 ‚
1822 830 2081 913 donec
2128 860 2227 912 ex
2272 833 2614 944 Francia
2671 829 3198 912 adduceretur
3239 834 3496 944 majus
3559 833 3851 933 robur,

1063 973 1429 1055 habitare
1481 971 1833 1052 instituit
1859 1013 1898 1071 ‚·
1938 965 2239 1051 eisdem
2283 968 2828 1051 confidencius
2873 968 3381 1077 committens
3429 967 3736 1081 oppida
3775 990 3856 1052 et

1064 1113 1444 1191 introitus
1468 1111 1698 1220 regni
1734 1109 1855 1189 sui
1886 1171 1906 1209 ‚
1941 1126 2034 1189 ut
2060 1137 2151 1188 ea
2174 1169 2194 1207 ‚
2221 1108 2731 1191 venientibus
2759 1108 3131 1188 hostibus
3148 1170 3167 1207 ,
3208 1095 3530 1190 fortiter
3554 1106 3857 1190 deffen-

1064 1266 1359 1329 sanent.

1175 1386 1570 1494 Prospera
1596 1386 2114 1494 navigacione
2137 1385 2166 1495 J
2175 1414 2301 1463 am
2329 1381 2498 1463 dux
2520 1382 2983 1464 Lencastrie
3007 1411 3197 1464 usus
3223 1382 3659 1464 Galleciam
3680 1386 3860 1463 atti-

1065 1540 1314 1631 gerat,
1344 1539 1424 1602 et
1445 1549 1714 1602 secum
1744 1519 2144 1604 ducissam
2171 1549 2507 1602 uxorem
2534 1550 2759 1602 suam
2790 1539 3342 1631 pregnantem‚
3367 1523 3638 1632 partui
3664 1549 3862 1634 quo-

1066 1687 1228 1770 que
1280 1661 1770 1766 proximam,
1813 1657 2190 1759 duxerat,
2247 1659 2498 1742 filiam
2559 1660 2857 1741 scilicet
2914 1660 3130 1739 Petri
3184 1657 3597 1770 quondam
3650 1662 3862 1769 regis

1069 1797 1502 1904 Hyspanie‚
1529 1824 1575 1875 a
1594 1794 1842 1875 fratre
1863 1798 2218 1878 Henrico
2247 1825 2513 1905 nuper
2538 1796 2969 1895 interfecti,
2996 1797 3321 1877 unicam
3351 1798 3865 1906 superstitem

1069 1929 1445 2013 heredem
1468 1994 1487 2031 ‚
1544 1936 1865 2038 racione
1938 1934 2163 2044 cujus
2219 1951 2607 2045 tanquam
2652 1936 2833 2042 jure
2893 1936 3185 2013 uxorio
3247 1929 3407 2013 sibi
3454 1931 3864 2015 vindicare

1071 2070 1480 2151 nitebatur
1526 2073 1759 2179 regni
1795 2071 2013 2180 jura,
2053 2089 2135 2151 et
2166 2069 2427 2154 eidem
2458 2073 3035 2185 successionem
3061 2089 3483 2179 paternam
3521 2089 3873 2152 conten-

1073 2206 1316 2289 debat
1353 2212 1770 2290 restituere
1809 2213 1889 2292 vi
1929 2239 2364 2292 armorum.
2421 2210 2545 2290 Ibi
2588 2207 3055 2322 aliquandiu
3085 2199 3515 2320 expectans
3554 2208 3865 2291 ducissa

1072 2345 1390 2456 peperit
1411 2348 1485 2426 ei
1509 2347 1767 2426 filium
1785 2354 2327 2456 peroptatum,
2363 2347 2485 2456 cuj
2496 2375 2587 2426 us
2615 2363 2804 2426 ortu
2827 2347 3220 2426 exercitus
3244 2345 3640 2427 ineffabili
3669 2376 3864 2457 gau-

1078 2481 1217 2563 dio
1258 2484 1594 2591 gavisus.
1652 2481 1852 2563 Inde
1899 2511 2091 2564 vero
2124 2481 2325 2582 duit,
2361 2485 2573 2562 inter
2612 2485 3035 2564 missarum
3071 2483 3453 2566 solemnia
3488 2487 3576 2565 in
3611 2484 3870 2565 hono-

1082 2648 1254 2700 rem
1273 2620 1733 2701 Nativitatis
1763 2621 1807 2698 J
1811 2621 2009 2700 hesu
2028 2619 2329 2700 Christi
2352 2673 2378 2718 ,
2411 2621 2773 2728 ingentes
2805 2621 3110 2728 gracias
3137 2649 3407 2730 agem,
3439 2623 3670 2733 quasi
3700 2625 3871 2731 ipse

1077 2784 1558 2867 prosperum
1591 2756 1903 2836 fecisset
1931 2759 2085 2836 iter
2120 2785 2378 2855 suum,
2422 2774 2502 2836 et
2538 2783 2877 2864 regnum
2916 2755 3365 2867 occupandi
3398 2758 3565 2869 jam
3602 2787 3871 2839 arram

1076 2910 1387 2974 teneret
1432 2893 1998 2992 certissimam,
2041 2891 2240 2972 illud
2282 2888 2599 3001 ingredi
2648 2893 2812 2973 suis
2839 2892 3104 3003 jussit.
3152 2895 3257 2973 Ut
3302 2895 3741 3004 municipia
3782 2899 3869 2974 in

1079 3034 1423 3112 introitu
1476 3034 1908 3112 constituta
1944 3030 2299 3140 Anglicis
2343 3030 2928 3138 receptaculum
2957 3049 3283 3141 possent
3310 3007 3514 3133 esse,
3558 3062 3650 3113 ea
3677 3035 3875 3114 viri-

963 3182 966 3187 '
1078 3166 1232 3246 bus
1284 3196 1673 3278 occupare
1716 3165 2193 3248 decreverat.
2250 3170 2358 3247 At
2403 3165 2546 3247 ubi
2609 3165 3057 3248 custod-iam
3107 3168 3440 3248 Gallicis
3482 3172 3877 3278 comperit

1086 3332 1352 3413 regem
1384 3306 1792 3415 Hyspanie
1833 3306 2321 3385 commisisse
2345 3365 2364 3402 ‚
2409 3332 2595 3411 egre
2625 3304 2814 3384 tulit
2835 3365 2854 3402 ,
2891 3321 2972 3384 et
3002 3304 3233 3417 quod
3255 3306 3645 3386 violenter
3680 3324 3873 3385 tunc
3977 3375 3981 3378 ,

1085 3441 1474 3552 nequibat
1538 3440 1747 3521 dolis
1791 3459 1871 3521 et
1910 3439 2193 3521 fraude
2238 3441 2621 3551 supplere·
2648 3443 2980 3550 cupiens
2999 3502 3018 3539 ‚
3065 3440 3171 3520 ad
3215 3443 3603 3521 interiora
3645 3444 3877 3548 regni

1090 3576 1618 3688 progrediens
1636 3640 1657 3677 ‚
1718 3580 1882 3659 suis
1947 3560 2312 3689 precepit
2370 3576 2907 3659 discursiones
2979 3577 3306 3657 hostiles
3384 3574 3829 3657 exercendo
3854 3640 3873 3675 ‚

1088 3744 1305 3796 nunc
1343 3713 1632 3826 predas
1684 3744 1951 3826 agere,
1992 3734 2072 3796 et
2103 3744 2321 3796 nunc
2360 3714 2736 3795 simulare
2775 3715 3047 3824 fugam
3075 3776 3095 3815 ‚
3137 3733 3231 3795 ut
3268 3743 3403 3794 eos
3436 3712 3541 3794 ad
3574 3716 3877 3794 exitum

1092 3870 1648 3961 provocarent.
1690 3851 1787 3933 Id
1818 3871 2084 3934 tamen
2117 3852 2418 3933 frustra
2461 3853 2882 3960 temptavit
2899 3912 2918 3951 ‚
2953 3854 3141 3963 quia
3174 3848 3277 3931 ad
3319 3851 3482 3931 vim
3521 3867 3882 3960 apertam

1095 3989 1595 4073 inserendam
1643 3991 2124 4072 sufficientes
2167 4019 2336 4070 non
2380 4007 2632 4070 erant.
2676 3964 3197 4100 Quapropter
3234 3988 3620 4069 cautela-m
3646 3989 3881 4071 aliam

1095 4157 1438 4242 querens
1463 4191 1483 4228 ‚
1538 4128 1981 4241 majoribus
2034 4128 2378 4209 liberum
2430 4145 2961 4209 commeatum
3009 4129 3400 4208 concessit
3417 4189 3437 4227 ‚
3499 4131 3882 4240 quociens

1097 4262 1387 4349 vellent
1409 4262 1510 4348 ad
1537 4270 1797 4379 ipsum
1828 4265 2233 4366 accedere3
2259 4296 2442 4347 cum
2469 4268 2764 4380 quibus
2787 4266 3093 4349 habens
3116 4284 3418 4347 secreta
3448 4267 3843 4375 colloquia
3860 4327 3879 4363 ,

1099 4435 1235 4489 eos
1274 4407 1432 4489 sibi
1462 4408 1773 4490 allicere
1811 4408 2229 4517 temptavit
2260 4407 2670 4517 peccuniis
2703 4436 2721 4484 ε
2764 4400 2986 4518 quod
3046 4425 3312 4487 tamen
3346 4405 3668 4516 penitus
3720 4432 3881 4482 res-

1099 4562 1488 4652 puerunt,
1514 4543 2090 4655 respondentes
2114 4543 2337 4656 quod
2368 4542 2586 4625 null'a
2618 4561 2738 4625 est
2769 4544 3087 4654 turpior
3116 4541 3456 4654 perfidia
3486 4569 3730 4655 quam
3757 4544 3888 4621 cui

1104 4684 1442 4762 avaricia
1480 4710 1791 4762 causam
1820 4683 2127 4793 prebet.
2172 4683 2341 4790 Ipsi
2372 4684 2624 4763 eciam
2648 4684 3009 4791 repetitis
3029 4682 3340 4765 vicibus
3368 4678 3885 4788 indignanter

1105 4820 1266 4899 sive
1291 4820 1597 4930 jocanti
1620 4816 1902 4900 similis
1916 4820 2354 4900 sciscitanti
2392 4849 2535 4900 cur
2568 4822 2685 4901 sic
2709 4821 3089 4902 continue
3122 4819 3413 4899 Franci
3444 4818 3610 4899 suis
3634 4814 3886 4896 felici-
