4666 6014
1067 606 1209 676 366
1534 594 2214 670 CHRONICORUM
2266 593 2622 667 KAROLI
2674 593 2958 666 SEXTI
3008 596 3184 670 LIB.
3241 596 3366 672 Vl.

1067 753 1320 864 ipsam
1348 769 1610 829 tamen
1655 775 1794 826 rex
1825 748 1978 853 piis
2012 744 2340 824 auribus
2373 773 2539 824 non
2573 744 2906 842 audivit;
2932 744 3071 826 sed
3100 750 3325 858 quasi
3356 746 3846 828 Gallicorum

1066 916 1480 968 numerum
1514 882 2141 993 parvipendenS,
2195 881 2416 994 quo‘d
2456 883 2974 995 requirebant
3012 884 3329 984 abnuit,
3366 897 3443 965 et
3474 884 3627 965 sub
3672 916 3848 994 pre-

1062 1044 1288 1106 textu
1339 1021 1683 1131 augendi
1729 1023 1995 1131 copias
2025 1019 2620 1130 pugnatorum,
2673 1049 2851 1101 cum
2901 1021 3254 1130 Anglicis
3310 1025 3555 1103 trium
3606 1022 3851 1104 ebdo-

1061 1162 1479 1242 madarum
1530 1158 1887 1239 inducias
1925 1159 2204 1239 statuit
2234 1145 2642 1239 renovare.
2679 1157 2979 1239 Iterum
3020 1178 3305 1244 contra
3348 1160 3695 1241 Gallicos
3731 1166 3853 1240 in-

1061 1293 1365 1377 civilius
1403 1299 1618 1406 justo
1644 1324 1882 1405 agens
1903 1358 1921 1393 ,
1954 1294 2167 1405 apud
2201 1295 2741 1393 Edembourc,
2775 1294 3004 1376 valde
3044 1296 3295 1376 sterili
3325 1297 3559 1405 plaga
3583 1301 3805 1406 regni
3833 1362 3849 1395 ‚

1061 1438 1419 1543 precepit
1447 1435 1883 1513 terminum
1906 1452 2324 1541 expectare
2345 1495 2363 1530 ,
2397 1433 2697 1544 ubique
2725 1462 2917 1512 voce
2941 1436 3322 1541 preconia
3346 1434 3810 1541 significans
3831 1498 3848 1532 ‚

1061 1601 1163 1650 ne
1184 1574 1364 1683 quis
1393 1574 1531 1669 eiS,
1562 1574 1720 1651 nisi
1741 1590 2118 1680 prompta
2144 1570 2577 1668 solucione,
2605 1571 2973 1650 victualia
2996 1572 3528 1667 ministraret3
3559 1591 3639 1651 et
3665 1571 3847 1652 ideo

1059 1712 1415 1817 spacium
1463 1738 1630 1788 non
1679 1726 2114 1816 exegerunt
2158 1709 2330 1788 sine
2382 1705 2648 1787 inedia
2701 1727 2988 1815 magna
3037 1735 3466 1818 rerumque
3518 1709 3851 1788 familia-

1060 1869 1240 1926 rum
1273 1844 1789 1926 distractione
1814 1844 2276 1954 dampnosa.
2312 1845 2576 1955 Usque
2607 1842 2708 1924 ad
2750 1859 3119 1924 octavum
3151 1844 3363 1925 diem
3394 1845 3600 1956 jullii
3633 1875 3853 1927 men-

1060 1986 1165 2064 sis
1207 1983 1547 2063 inediam
1593 1984 1803 2064 hanc
1848 1983 2431 2093 pacientissime
2468 1982 3005 2089 pertulerunt3
3055 2001 3132 2062 et
3178 2002 3371 2062 tunc
3420 1982 3521 2062 ad
3573 2013 3848 2093 preces

1060 2119 1369 2200 domini
1403 2118 1796 2200 admiralli
1833 2148 1974 2198 rex
2003 2120 2265 2198 tribus
2290 2119 2615 2199 milibus
2648 2118 3072 2199 Scotorum
3105 2120 3456 2200 Gallicos
3492 2124 3840 2201 sociavit.

1059 2256 1207 2337 Cui
1247 2286 1425 2336 cum
1467 2255 2065 2354 valedixissent,
2103 2255 2205 2336 ad
2252 2258 2404 2336 iter
2442 2285 2524 2335 se
2564 2258 3082 2337 accinxerunt
3107 2319 3124 2354 ‚
3156 2275 3236 2336 et
3289 2257 3528 2336 finem
3576 2257 3849 2339 Scocie

1056 2397 1581 2503 attingentes,
1636 2414 1716 2473 et
1756 2413 2056 2474 vastam
2098 2394 2310 2472 illam
2356 2392 2869 2474 solitudinem
2913 2396 3323 2503 sexaginta
3373 2394 3697 2474 milibus
3743 2397 3845 2475 ab

1058 2534 1280 2612 omni
1327 2532 1543 2614 culto
1587 2530 1867 2611 tellure
1910 2530 2340 2614 distantem
2373 2549 3023 2638 pertranseuntes
3044 2593 3062 2630 ,
3097 2530 3471 2639 Angliam
3502 2550 3691 2610 sunt
3730 2535 3848 2610 in·-

1057 2671 1326 2777 gressi.
1383 2670 1613 2747 Tunc
1663 2697 1808 2777 per
1849 2671 2260 2775 sexaginta
2321 2668 2538 2746 milia
2593 2686 2673 2746 et
2724 2695 2971 2778 usque
3030 2667 3132 2747 ad
3176 2670 3562 2748 interiora
3616 2672 3843 2776 regni

1056 2806 1455 2886 hostiliter
1465 2822 1546 2884 et
1564 2807 1737 2884 sine
1751 2802 1980 2884 obice
2003 2801 2566 2902 discurrentes,
2583 2805 2939 2884 habenas
2960 2802 3452 2890 crudelitatis
3472 2804 3842 2903 laxandO,

1055 2943 1376 3052 planam
1416 2944 1758 3051 patriam
1793 2941 2094 3052 ubique
2137 2939 2453 3021 flamma
2493 2944 2765 3021 voraci
2808 2959 3239 3041 vastantes,
3284 2961 3685 3055 quotquot
3746 2941 3846 3023 de

1055 3080 1422 3189 agricolis
1440 3143 1458 3178 ,
1495 3080 1778 3159 incolis
1800 3108 2124 3191 quoque
2154 3080 2327 3159 aliis
2363 3079 2644 3159 obvi'os
2674 3080 3166 3179 habuerunt,
3199 3082 3371 3159 sine
3400 3083 3845 3163 misericor-

1056 3214 1186 3295 dia
1221 3235 1729 3325 peremerunt
1748 3280 1766 3315 ,
1793 3202 2306 3315 condicioni,
2338 3219 2567 3313 etati,
2602 3246 2861 3328 neque
2893 3221 3115 3298 sexui
3149 3237 3598 3327 parcenteS,
3623 3222 3731 3299 ita
3756 3240 3846 3298 ut

1056 3350 1154 3432 de
1217 3353 1372 3433 hiis
1435 3351 1596 3433 dici
1653 3355 2003 3460 potuerit
2046 3384 2062 3431 t
2133 3355 2486 3433 Viduam
2557 3373 2632 3433 et
2689 3357 3076 3434 advenam
3150 3357 3709 3459 interfecerunt
3774 3376 3848 3433 et

1038 3493 1397 3600 pupillos
1470 3492 1953 3590 occiderunt,
2015 3493 2386 3599 juvenem
2447 3493 2687 3570 simul
2759 3521 2857 3571 ac
2923 3494 3309 3600 virginem
3331 3554 3348 3588 ,
3428 3494 3841 3571 lactentem

1055 3658 1232 3709 cum
1272 3630 1581 3708 homine
1608 3658 1812 3709 sene.

1167 3767 1264 3845 In
1303 3764 1595 3845 talibus
1636 3767 1883 3873 igitur
1924 3784 2108 3846 octo
2155 3764 2439 3846 diebus
2489 3744 2985 3876 consumptis
3010 3827 3029 3863 ,
3078 3765 3501 3846 redeuntes
3538 3784 3617 3844 et
3657 3783 3843 3844 ante

1052 3905 1356 3983 Dovart
1386 3921 1756 4002 castrum,
1780 3906 2059 4015 utique
2090 3905 2251 3983 situ
2290 3905 2633 3983 naturali
2668 3904 3195 3984 fortissimum
3215 3965 3234 4001 ,
3265 3903 3738 3984 victualibus
3763 3922 3842 3981 et

1051 4035 1608 4121 defensoribus
1659 4041 2058 4119 munitum
2100 4057 2601 4120 transeuntes
2623 4105 2640 4139 ,
2676 4070 2858 4121 cum
2889 4070 2932 4121 a
2963 4036 3220 4119 Scotis
3262 4037 3670 4119 didicisset
3701 4038 3842 4118 do-

1049 4177 1316 4255 minus
1350 4175 1807 4257 admirallus
1841 4175 1943 4255 ad
1992 4180 2607 4285 occupacionem
2661 4181 2912 4286 ipsius
2953 4177 3223 4258 multis
3263 4174 3545 4257 diebus
3582 4179 3666 4254 in
3713 4206 3843 4257 va-

1051 4341 1247 4392 num
1298 4315 1778 4410 elaborasse,
1818 4342 1952 4393 eos
2003 4314 2300 4395 obnixe
2344 4318 2654 4424 rogavit
2693 4335 2786 4444 qt
2823 4314 3083 4395 adhuc
3120 4315 3377 4396 simile
3425 4332 3842 4423 attempta-

1050 4471 1256 4551 rent,
1274 4482 1420 4532 nec
1437 4452 1535 4532 de
1559 4470 1837 4560 optato
1860 4482 2118 4561 nuper
2147 4451 2547 4534 desiderio
2573 4450 3088 4562 adipiscendo
3115 4450 3602 4533 dubitarent.
3636 4449 3841 4529 Sane

1049 4589 1346 4696 pluries
1380 4591 1771 4697 persuasit
1795 4608 1884 4669 ut
1907 4592 2020 4669 sic
2053 4590 2499 4670 discursum
2534 4591 2906 4671 hostilem
2936 4589 3366 4671 redderent
3394 4588 3835 4682 clariorem,

1049 4753 1358 4843 semper
1392 4723 1692 4806 addens
1729 4757 1745 4804 ε
1778 4761 1816 4801 ε(
1848 4728 1949 4806 Et
1980 4745 2073 4806 ut
2097 4755 2220 4807 res
2252 4757 2419 4807 non
2462 4729 2824 4826 confuse,
2857 4727 2995 4811 sed
3039 4745 3255 4807 recto
3291 4726 3636 4804 racionis
3669 4741 3833 4801 tra-
