4666 6014
1204 641 1347 710 72⁰
1648 633 2330 710 CHRONICORUM
2381 632 2734 708 KAROLI
2786 631 3071 708 SEx'rl
3120 635 3297 708 ΠΒ.
3356 634 3522 709 xu.

1321 1003 1638 1085 Addens
1696 1008 1985 1085 iterum
2043 1004 2263 1117 quod
2320 1033 2500 1086 vera
2563 1006 2959 1085 relacione
3007 1002 3301 1102 didici,
3362 1004 3495 1084 hic
3532 1006 3983 1085 Armeniaci

1202 1143 1530 1222 comites
1569 1158 1649 1221 et
1678 1141 1833 1220 sibi
1865 1142 2171 1222 vicinos
2197 1142 2500 1222 milites
2532 1140 3035 1224 adversantes
3073 1141 3377 1250 pluries
3400 1142 3641 1222 armis
3673 1141 3986 1249 subegit

1202 1295 1281 1356 et
1311 1281 1573 1386 coegit
1611 1276 1913 1358 odibile
1943 1276 2527 1386 redempcionis
2554 1279 2834 1387 jugum
2858 1279 3051 1388 pati.
3086 1275 3320 1357 Unde
3345 1276 3637 1356 multos
3673 1304 3986 1394 coacer-

1198 1431 1515 1498 vaverat
1547 1415 1960 1494 thesauros
1978 1477 1998 1514 ‚
2026 1442 2227 1527 quos
2260 1417 2666 1525 hucusque
2691 1417 2776 1497 in
2808 1415 3267 1497 intersticiis
3290 1443 3703 1496 murorum
3728 1417 3850 1525 cuj
3862 1442 3986 1496 us-

1200 1550 1385 1630 dam
1436 1555 1680 1632 turris
1732 1552 2377 1660 inexpugnabilis
2436 1570 3037 1633 conservaverat
3076 1555 3458 1650 intactos,
3514 1569 3594 1631 et
3641 1551 3982 1664 desuper

1199 1687 1694 1769 devictorum
1717 1707 2057 1769 armatas
2072 1692 2480 1798 ymagines
2504 1688 2832 1798 depingi
2860 1690 3189 1788 fecerat3
3217 1717 3415 1800 quas
3442 1691 3736 1768 exteris
3765 1669 3983 1770 adve-

1200 1825 1609 1904 nientibus
1679 1823 2147 1905 ostendebat
2214 1823 2314 1905 ad
2381 1828 3002 1906 ostentacionem
3080 1825 3331 1933 glorie
3405 1825 3793 1905 militaris.
3860 1827 3978 1905 Eo

1199 1966 1446 2071 igitur
1485 1981 1806 2043 mortuo
1838 1965 2261 2043 comitatus
2299 1960 2404 2042 ad
2427 1965 2557 2072 jus
2597 1964 2903 2071 regium
2934 1960 3290 2059 devenit,
3332 1979 3421 2042 ut
3458 1964 3726 2043 vivens
3752 1961 3976 2042 ordi-

1196 2119 1542 2182 naverat.
1588 2100 1833 2208 Cujus
1877 2101 2233 2209 regimen
2278 2100 2706 2180 illustrium
2745 2098 3054 2179 vallidis
3089 2098 3458 2208 precibus
3507 2100 3763 2180 victus
3813 2099 3979 2180 filio

1196 2240 1509 2319 comitis
1573 2237 1863 2346 prefati
1900 2299 1920 2335 ,
1993 2264 2091 2316 ex
2154 2236 2453 2317 furtivo
2516 2234 2954 2316 concubitu
3024 2252 3250 2331 nam,
3317 2252 3643 2315 strenuo
3714 2254 3980 2317 tamen

1193 2377 1467 2484 juveni
1507 2391 1587 2454 et
1621 2371 1900 2454 audaci
1940 2374 2325 2454 concessit
2359 2400 2630 2453 amore
2670 2373 2920 2482 patris
2952 2386 3340 2482 perpetuo
3373 2368 3975 2480 possidendum,

1196 2530 1275 2592 et
1307 2529 1398 2592 ut
1435 2513 1848 2592 thesauros
1897 2529 2273 2619 paternos
2318 2510 2838 2592 distribueret
2885 2508 3087 2588 sicut
3133 2505 3362 2587 vellet
3379 2569 3399 2606 ‚
3449 2511 3670 2614 prius
3715 2527 3975 2591 tamen

1199 2651 1537 2766 prestito
1573 2650 2028 2760 juramento
2069 2646 2170 2732 de
2204 2645 2583 2728 fidelitate
2611 2643 2994 2730 servanda
3030 2674 3217 2753 erga
3260 2673 3548 2754 regem.

2151 2952 2842 3035 CAPITULUM
2901 2955 2998 3038 V.

1235 3193 1394 3251 Inter
1422 3190 1628 3251 ducem
1660 3190 1916 3253 Britanie
1944 3203 2003 3249 et
2033 3189 2555 3251 conestabulus-ium
2587 3189 2632 3249 F
2633 3191 2828 3250 raneie
2855 3209 2958 3249 rex
2983 3191 3285 3270 temptavit
3317 3210 3519 3271 pacem
3545 3212 3909 3272 componere.

1304 3418 1626 3527 Absque
1660 3419 2175 3499 infestacione
2203 3420 2557 3499 hostium
2577 3417 2969 3499 induciale
2997 3417 3228 3500 fedus
3260 3438 3580 3527 pactum
3611 3449 3792 3501 cum
3821 3424 3971 3501 eis·-

1189 3553 1370 3635 dem
1431 3557 1516 3635 in
1574 3585 1766 3665 pace
1819 3557 2141 3637 tenebat
2195 3557 2633 3665 regnicolas
2653 3617 2674 3655 ‚
2715 3555 3081 3639 Johanne
3125 3554 3324 3636 duce
3372 3556 3721 3636 Britanie
3770 3555 3974 3637 dun-

1191 3711 1408 3772 taxat
1449 3711 1782 3801 excepto
1808 3754 1827 3791 ‚
1871 3695 2057 3802 quia
2086 3690 2722 3774 conestabulario
2765 3694 2830 3773 F
2833 3696 3103 3774 rancie
3131 3693 3467 3776 domino
3501 3692 3831 3775 Olivero
3871 3691 3973 3772 de

1190 3828 1528 3913 Clichon
1549 3832 1965 3939 peccunias
1998 3859 2254 3938 nuper
2288 3828 2545 3911 eidem
2579 3826 3071 3940 adjudicatas
3101 3832 3436 3929 solvere,
3589 3835 3615 3875 ¹
3652 3857 3971 3940 quoque

1192 3995 1338 4046 suo
1383 3969 1729 4047 Johanni
1772 3966 1872 4048 de
1917 3968 2329 4048 Britannia
2373 3972 2529 4049 tria
2570 3985 2822 4050 castra
2861 3970 3015 4049 sibi
3066 3987 3427 4049 materno
3459 3971 3641 4080 jure
3698 3966 3964 4047 debita

1192 4104 1608 4184 restituere
1638 4106 2076 4185 recusabat.
2111 4106 2184 4184 N
2188 4107 2442 4185 unciis
2471 4107 2715 4215 regiis
2753 4124 2851 4186 et-
2871 4107 3230 4214 apicibus
3269 4109 3614 4187 monitus
3649 4108 3969 4185 reitera-

1191 4240 1291 4319 tis
1340 4240 1647 4331 vicibus
1708 4240 2092 4320 forefacta
2161 4269 2245 4321 se
2311 4243 2788 4350 promiserat
2837 4241 3292 4341 emendare3
3326 4240 3496 4349 ⁴sed
3559 4244 3643 4323 in
3701 4242 3966 4322 verbis

1188 4374 1646 4458 fidelitatem
1696 4404 1863 4457 non
1911 4404 2229 4458 servans
2254 4440 2273 4478 ‚
2314 4406 2735 4490 morasque
2782 4396 3248 4478 contexen3‚
3291 4378 3660 4488 ambages
3701 4379 3967 4479 innec-
4048 4389 4057 4396 ’

1191 4511 1434 4594 tendo
1474 4512 1560 4594 id
1587 4515 1885 4596 astucia
1913 4516 2187 4595 innata
2217 4514 2668 4597 differebat.
2699 4515 2802 4607 Et
2831 4514 3021 4600 inde
3048 4545 3333 4629 guerra
3353 4517 3724 4598 suscitata
3753 4518 3964 4595 inter

1259 4796 1273 4817 ¹
1315 4790 1363 4846 Il
1391 4809 1478 4862 yn
1503 4790 1703 4848 ieiune
1724 4792 1921 4849 lacune
1944 4790 2082 4849 d'un
2105 4803 2225 4853 mot
2249 4792 2389 4850 dans
2408 4794 2462 4852 le
2482 4800 2546 4852 n·
2567 4791 2744 4870 5968,
2771 4794 2867 4852 fol.
2891 4794 2964 4869 89
2985 4814 3039 4849 v.
