4666 6014
953 642 1096 713 406
1424 632 2108 736 cunoNlcoaUM
2158 629 2514 705 KARou
2565 630 2851 704 sEx'rl
2900 631 3077 703 Lm.
3132 628 3258 704 vi.

1071 823 1124 864 <c
1167 790 1210 867 J
1213 817 1342 869 am
1365 788 1635 868 multis
1655 849 1674 886 ,
1702 786 2008 898 inquit,
2035 782 2266 863 fracti
2297 779 2571 891 preliis
2588 843 2607 880 ,
2638 773 3258 861 innumerabiles
3286 798 3749 863 nostrorum

956 962 990 998 «
1053 924 1527 1007 miserandis
1572 925 1883 1006 casibus
1929 923 2336 1002 amisimus
2366 982 2384 1019 ‚
2441 922 2861 1031 patrieque
2911 935 3124 999 statu
3169 920 3415 1000 veteri
3468 921 3753 1002 immu-

956 1098 993 1135 «
1056 1081 1256 1164 tato,
1292 1081 1455 1175 quo
1488 1064 2040 1172 prosperrimo
2073 1088 2215 1139 usa
2255 1058 2448 1138 olim
2481 1086 2789 1139 summa
2827 1058 3305 1137 auctoritate
3338 1055 3743 1156 floruerat,

845 1249 852 1256 -
955 1237 990 1272 «
1053 1199 1503 1281 timendum
1548 1219 1668 1281 est
1710 1229 1813 1279 ne
1851 1201 1937 1279 in
1980 1216 2375 1278 extremas
2408 1225 2559 1276 nos
2603 1212 3034 1305 opporteat
3074 1192 3324 1275 dilabi
3357 1197 3738 1277 miserias.

956 1374 992 1410 <c
1057 1339 1208 1418 Per
1243 1355 1444 1450 quot
1482 1365 1739 1418 annos
1779 1365 1932 1446 pro
1963 1335 2330 1415 libertate
2360 1315 3001 1413 dimicaverimus
3030 1334 3287 1434 nostis
3306 1362 3337 1432 ;‚
3352 1333 3742 1414 Gallicam

956 1511 993 1548 ι(
1053 1479 1306 1556 eciam
1339 1493 1658 1585 gentem
1703 1474 1944 1554 armis
1969 1536 1987 1570 ,
2022 1473 2214 1554 viris
2255 1490 2336 1552 et
2373 1468 2784 1580 peccuniis
2827 1469 3548 1579 opulentissimam3
3599 1500 3743 1552 nec

957 1650 993 1688 «
1053 1615 1366 1695 habetis
1415 1615 1789 1721 ignorare
1848 1612 2234 1722 quociens
2296 1612 2383 1688 in
2441 1610 2608 1696 acie
2668 1626 2935 1717 patres
2974 1625 3278 1688 vestros
3320 1606 3684 1689 fuderint
3718 1672 3736 1708 ‚

873 1782 878 1788 ·
937 1788 990 1856 .“
1052 1751 1431 1864 quociens
1482 1749 1659 1828 loco
1714 1766 2142 1857 parentum
2195 1745 2339 1825 filii
2391 1764 2671 1826 contra
2721 1773 2857 1826 eos
2914 1744 3118 1826 bella
3170 1765 3741 1853 reparaverunt

955 1927 990 1961 «
1052 1875 1399 1969 recidiva
1429 1950 1447 1987 ‚
1496 1887 1967 2002 propulsare
2005 1886 2414 1993 cupientes
2462 1883 2833 1992 injurias,
2865 1901 2962 1962 'et
3016 1910 3295 1962 eorum
3334 1902 3742 1992 aspectum

957 2063 990 2098 «
1053 2025 1420 2105 tollerare
1446 2026 2002 2137 nequiverunt.
2022 2024 2502 2132 Precipitem
2528 2022 2776 2129 igitur
2804 2018 3443 2131 imprudenciam
3457 2039 3742 2130 reputo

955 2200 992 2236 «
1052 2161 1359 2244 tamdiu
1389 2163 1549 2243 vim
1582 2161 1939 2241 intulisse
1967 2163 2138 2269 regi
2172 2188 2263 2239 ac
2293 2157 2630 2238 domino
2663 2176 2951 2242 nostro,
2982 2157 3365 2255 naturali,
3398 2186 3640 2270 quam
3666 2178 3747 2238 et

955 2336 990 2374 «
1051 2302 1117 2380 si
1159 2299 1374 2380 ultro
1413 2299 1815 2380 intulisset
1833 2318 1912 2378 et
1936 2298 2236 2409 absque
2266 2295 2499 2405 culpa
2533 2296 2804 2403 previa
2825 2358 2845 2393 ‚
2887 2314 2970 2380 at
3002 2296 3278 2376 saltem
3309 2298 3510 2376 moti
3540 2324 3743 2385 vere-

954 2474 990 2511 «
1051 2435 1344 2518 cundia
1371 2437 1385 2450 ‘
1411 2465 1779 2517 recusare
1821 2435 2317 2542 tenebamur.
2386 2432 2612 2516 Mens
2655 2460 2851 2541 ergo
2915 2437 3273 2541 suggerit
3342 2433 3740 2542 placemus

952 2611 988 2649 <c
1050 2577 1316 2684 ipsum
1356 2574 1795 2670 offensum,
1837 2574 1967 2651 cui
2004 2573 2380 2669 resistere
2396 2568 2516 2649 fas
2550 2597 2722 2649 non
2764 2588 2920 2667 est,
2956 2588 3036 2650 et
3078 2568 3183 2650 ad
3217 2588 3623 2679 patentem
3660 2590 3740 2651 et

953 2749 989 2786 «
1049 2731 1513 2821 promptam
1568 2712 1736 2820 ejus
1794 2707 2101 2788 cunctis
2142 2707 2653 2787 clemenciam
2691 2709 3103 2807 mitentes,
3128 2710 3441 2788 veniam
3479 2711 3735 2789 errori

953 2887 988 2923 «
1050 2850 1457 2930 communi
1488 2847 2094 2957 imploremus.»
2686 2859 2695 2866 ·

1063 2987 1233 3069 Sub
1270 2986 1426 3071 hiis
1468 2987 1834 3066 terminis
1877 2997 2343 3095 proponeris
2382 2983 2907 3092 prolixiorem
2956 2977 3412 3065 oracionem
3456 2985 3741 3085 habuit

951 3154 1119 3206 non
1161 3127 1608 3225 incassum;
1652 3153 1842 3203 nam
1891 3134 2107 3202 tunc'
2141 3139 2489 3202 astantes
2529 3122 2839 3202 scabini
2863 3184 2884 3221 ,
2934 3120 3253 3222 decani,
3307 3125 3742 3206 consiliarii

948 3282 1028 3344 et
1056 3290 1360 3344 summe
1374 3262 1872 3343 auctoritatis
1895 3263 2050 3341 viri
2067 3260 2294 3339 urbis
2311 3257 2866 3360 Gandavensis
2883 3260 3313 3371 quemdam
3337 3262 3735 3343 inclitum¹

950 3400 1502 3509 flammingum
1519 3460 1542 3498 ‚
1574 3377 1893 3478 comitis
1921 3425 2244 3510 quoque
2269 3394 2369 3476 de
2401 3396 2788 3477 Guistella
2814 3399 3428 3495 consobrinum,-
3468 3398 3571 3478 ad
3612 3428 3736 3477 re-

951 3567 1127 3646 gem
1158 3557 1239 3618 et
1277 3536 1564 3617 ducem
1609 3534 2107 3644 Burgundie,
2145 3555 2528 3647 tanquam
2563 3538 2789 3644 pacis·
2812 3535 3335 3618 mediatorem
3360 3600 3379 3636 ,
3420 3538 3734 3617 mittere

952 3678 1437 3758 unanimiter
1455 3675 2006 3757 decreverunt.
2039 3676 2201 3777 Qui
2236 3677 2322 3755 in
2356 3675 2564 3783 regis
2583 3677 2995 3783 presencia
3020 3673 3245 3787 ducis
3269 3673 3733 3789 ducisseque
3842 3770 3848 3776 ι

950 3813 1410 3924 Burgundie
1460 3832 1540 3895 et
1580 3816 1807 3922 regni
1853 3800 2284 3923 procerum
2337 3798 2858 3911 constitutus,
2908 3829 3094 3921 post
3127 3809 3566 3922 depensum
3599 3811 3736 3893 de-

949 3950 1116 4030 bite
1142 3951 1652 4045 salutacionis
1686 3950 2063 4048 affatum,
2101 3946 2287 4028 data
2317 3944 2704 4058 loquendi
2747 3951 3058 4057 gracia.

1063 4121 1101 4161 <c
1160 4085 1286 4167 Ad
1316 4088 1909 4186 excellenciam,
1945 4048 2254 4195 inquit,
2304 4086 2519 4192 regie
2557 4085 3028 4195 majestatis,
3078 4048 3247 4173 zelo
3299 4085 3603 4169 ductus
3618 4093 3733 4169 rei
3804 4190 3811 4197 .

953 4259 991 4299 «
1053 4222 1405 4334 publice,
1461 4223 1844 4306 accedens
1861 4224 2422 4341 ,-Yprensium
2467 4240 2547 4302 et
2593 4222 3116 4331 Brugensium
3171 4224 3738 4337 obsequiosum

949 4398 986 4435 ι(
1045 4362 1517 4444 famulatum
1551 4362 1814 4443 offero
1833 4389 2001 4441 non
2019 4358 2629 4469 spernendums
2616 4359 2961 4441 vallidis
3004 4363 3377 4470 precibus
3409 4344 3739 4472 poscen-

951 4534 987 4574 «
1048 4503 1259 4581 cium
1301 4530 1406 4581 ne
1454 4531 1500 4582 a
1548 4497 2216 4580 Gandavensibus
2245 4500 2483 4579 sociis
2524 4495 2900 4579 inolitum
2932 4501 3251 4609 pietatis
3289 4519 3592 4582 avertat
3621 4502 3739 4580 iu-

950 4673 986 4709 «
1046 4641 1364 4735 tuitum.
1411 4640 1506 4717 In
1540 4665 1742 4750 quos
1783 4656 1864 4717 et
1896 4638 1962 4716 si
2003 4639 2295 4717 merito
2340 4636 2686 4718 dixerim
2713 4636 3126 4754 hucusque
3162 4668 3383 4723 arma
3418 4639 3731 4723 ultricia

1022 4814 1257 4867 ¹.Var.·
1245 4823 1351 4867 ·⁰n
1379 4812 2123 4888 5960‚f01.67r,militem.
