4666 6014
1139 623 1281 693 712
1587 615 2267 689 CHRONICORUM
2319 614 2703 688 KAROLr·
2726 611 3010 687 SEXTI
3058 609 3236 683 LIB.
3294 608 3461 682 ΧΠ.

1144 765 1630 848 Bernardum
1686 767 2020 845 fratrem·
2072 768 2279 874 ejuS,
2346 784 2427 846 et
2463 766 2847 846 Karolum
2890 764 3145 843 filium
3198 760 3508 842 domini
3550 760 3917 841 Barnabo

1143 902 1545 1001 adeuntes,
1567 902 1860 982 eisdem
1898 920 2283 1010 perpetuo
2312 903 2881 1011 obsequiosum
2908 900 3322 982 servicium
3357 898 3917 1007 promiserunt,

1091 1107 1100 1112 .
1146 1044 1210 1119 si
1249 1058 1528 1120 contra
1563 1040 2033 1118 Galeaceum
2066 1043 2439 1120 comitem
2467 1039 2872 1118 Virtutum
2900 1036 3472 1147 dominumque
3494 1033 3922 1113 Mediolani

1139 1176 1582 1255 libertatem
1623 1205 1900 1255 eorum
1949 1173 2254 1256 viribus
2297 1194 2735 1256 tuerentur.
2773 1173 3247 1281 Inexpiabili
3288 1169 3477 1252 odi'o
3517 1173 3920 1279 prenomi-
3976 1283 3981 1286 -

1143 1314 1306 1393 nati
1341 1312 1645 1404 domini
1677 1312 1837 1421 jam
1870 1329 2142 1391 mutuo
2174 1312 2672 1392 laborabant.
2697 1314 2901 1392 Nam
2921 1312 3347 1391 Galeaceus
3379 1310 3629 1387 filium
3650 1308 3923 1388 fratris

1144 1444 1667 1527 suiKarolum
1702 1450 2025 1559 ejusque
2066 1445 2461 1558 sororems,
2498 1476 2825 1528 uxorem
2866 1446 3176 1527 domini
3215 1444 3598 1528 Bernardi
3633 1443 3733 1524 de
3773 1450 3923 1524 Ar-

1145 1588 1528 1682 meniacO,
1560 1585 1664 1664 ab
1692 1584 2127 1666 hereditate
2158 1605 2491 1694 paterna
2521 1584 3021 1666 abdicaverat
3050 1583 3152 1664 de
3179 1584 3391 1663 facto
3409 1641 3429 1680 ‚
3462 1601 3927 1693 patremque

1145 1723 1563 1803 amborum
1592 1720 2006 1802 dominum
2048 1722 2415 1800 Barnabo
2451 1750 2627 1802 cum
2661 1722 2842 1801 filiis
2872 1739 2950 1801 et
2977 1720 3288 1800 filiabus
3316 1719 3489 1798 aliis
3506 1717 3709 1801 dolo
3737 1746 3927 1825 cap-

1146 1879 1318 1940 tum
1348 1861 1689 1967 jusserat
1741 1859 2187 1938 intoxicari.
2244 1859 2414 1938 Hac
2463 1886 2653 1966 ergo
2713 1859 3165 1955 occasione,
3216 1873 3308 1936 ut
3348 1857 3563 1936 fama
3610 1857 3926 1962 publica

1148 1996 1577 2094 referebat,
1634 2024 1724 2074 ac
1777 1997 1842 2073 si
1898 1992 2040 2110 diu
2093 1994 2476 2074 absconsa
2531 1992 3119 2103 indignacionis
3170 1993 3507 2074 scintilla
3566 1994 3924 2100 ingentes

1149 2137 1370 2240 ignes
1394 2131 1739 2212 vindicte
1780 2115 2264 2227 suscitasset,
2296 2129 2537 2211 duces
2569 2130 2750 2210 belli
2780 2160 2935 2238 pro
2968 2131 3454 2214 Florentinis
3484 2157 3565 2210 se
3588 2155 3928 2240 promp-

1147 2272 1443 2349 tissime
1479 2268 1974 2366 obtulerunt,
2009 2285 2210 2347 etex
2244 2268 2568 2350 Francis
2604 2284 2683 2346 et
2711 2268 3063 2375 Anglicis
3084 2330 3102 2366 ,
3138 2270 3276 2377 qui
3308 2268 3392 2346 in
3430 2266 3819 2346 Vasconia
3852 2284 3928 2346 et

1150 2403 1519 2485 Guienna
1590 2402 1886 2513 oppida
1952 2402 2551 2502 custodiebant,
2615 2421 2913 2512 septem
2984 2405 3200 2484 milia
3268 2402 3926 2485 subsidiariorum

1150 2560 1687 2651 pugnatorum
1747 2542 2253 2649 collegerunt.
2304 2542 2565 2620 Tanta
2621 2558 2939 2651 tamque
2988 2539 3274 2620 vallida
3322 2569 3562 2636 manu
3618 2543 3929 2647 stipati,

1151 2709 1410 2760 comes
1466 2683 1752 2760 iterum
1808 2705 2050 2785 opere
2101 2679 2455 2785 precium
2516 2677 2934 2760 estimabat
2988 2676 3402 2760 dominum
3443 2675 3932 2755 Bernardum

1154 2817 1254 2898 de
1311 2818 1548 2914 Aula,
1607 2815 1940 2901 militem
2006 2832 2420 2893 strenuum
2471 2831 2549 2893 et
2607 2812 3020 2912 audacem,
3072 2831 3151 2893 et
3194 2817 3332 2922 qui
3382 2813 3645 2893 multis
3703 2814 3933 2894 annis

1155 2952 1745 3035 formidabilem
1802 2979 1884 3031 se
1932 2948 2392 3031 reddiderat
2441 2951 2855 3049 RomaniS,
2909 2949 3009 3033 ad
3068 2966 3375 3058 partem
3423 2979 3642 3031 suam
3693 2967 3935 3031 attra-

1156 3093 1386 3188 here,
1440 3108 1518 3170 et
1565 3086 1819 3169 eidem
1862 3087 2277 3167 dominum
2321 3086 2747 3167 Mediolani
2793 3086 3159 3168 odiosum
3203 3087 3535 3168 reddere
3570 3090 3649 3167 vi
3698 3115 3933 3166 num-

1158 3255 1496 3307 morum.
1535 3228 1640 3304 At
1678 3225 1820 3305 ubi
1850 3254 2028 3304 eum
2072 3225 2767 3332 incorruptibilem
2796 3230 3095 3334 reperit
3118 3289 3137 3327 ,
3169 3224 3508 3307 seductis
3546 3228 3684 3337 qui
3712 3227 3930 3337 signa

1159 3366 1326 3471 ejus
1382 3364 1754 3444 militaria
1819 3362 2396 3471 sequebantur,
2455 3360 2750 3442 eisdem
2804 3366 3128 3443 minime
3193 3364 3788 3471 ignorantibUS,
3854 3366 3935 3441 in

1158 3500 1369 3578 silvis
1389 3561 1406 3596 ,
1449 3528 1587 3609 per
1611 3527 1805 3607 quas
1829 3500 2309 3616 transiturus
2340 3519 2511 3580 erat
2537 3497 2637 3579 ad
2669 3499 3082 3589 dominum
3111 3500 3578 3598 Mediolani,
3611 3498 3940 3593 insidias

1158 3638 1650 3743 preparavit,
1692 3652 1771 3735 et
1805 3663 1983 3715 eum
2017 3665 2199 3715 cum
2230 3636 2490 3717 tribus
2523 3638 2756 3717 sociis
2784 3640 3271 3748 equitantem
3302 3636 3643 3716 interfici
3672 3635 3945 3743 prodi-

1161 3777 1366 3852 torie
1405 3775 1783 3883 precepit.

1278 3913 1599 3989 Patrato
1643 3910 1962 4007 scelere,
2017 3939 2278 3990 comes
2327 3914 2534 3990 circa
2588 3909 2938 3991 medium
2966 3911 3172 4020 jullii
3211 3910 3779 3990 Lombardiam
3818 3914 3938 3992 in-

1166 4050 1403 4127 travit
1445 4048 1863 4145 hostiliter,
1904 4065 1982 4127 et
2030 4051 2387 4155 quamvis
2423 4048 2847 4128 Galeaceus
2885 4076 3054 4127 non
3089 4050 3276 4128 satis
3326 4051 3529 4129 vires
3561 4050 3891 4133 haberet
3918 4113 3937 4147 ,

1165 4203 1253 4263 ut
1282 4202 1549 4292 posset
1575 4183 2068 4263 multitudini
2113 4212 2250 4264 sue
2283 4187 2645 4265 resistere
2665 4248 2683 4284 ,
2716 4183 3103 4293 quosdam
3134 4202 3394 4265 tamen
3427 4186 3716 4266 milites
3752 4204 3943 4266 stre-

1166 4325 1592 4401 nuissimos
1636 4351 1680 4399 a
1720 4319 1917 4400 duce
1970 4321 2557 4420 Aurelianensi,
2613 4321 2859 4401 fratre
2916 4322 3161 4431 regis,
3225 4323 3364 4433 qui
3416 4321 3657 4403 filiam
3722 4352 3941 4403 suam

1169 4488 1497 4567 uxorem
1539 4457 1910 4555 duxerat,
1967 4462 2243 4537 missos
2299 4459 2685 4557 habebat,
2731 4460 2872 4570 qui
2912 4439 3263 4541 civitates
3303 4477 3648 4540 muratas
3700 4461 3940 4539 Lom-

1169 4596 1444 4677 bardie
1490 4600 1574 4676 in
1616 4597 1952 4676 introitu
1985 4597 2428 4679 servabant.
2485 4598 3017 4683 Municionem
3057 4600 3291 4678 istam
3339 4627 3598 4679 comes
3631 4599 3944 4707 penitus

1167 4726 1544 4839 ignorans
1591 4751 1671 4813 et
1717 4735 1992 4815 nolens
2042 4737 2306 4817 ocium
2347 4753 2598 4817 terere
2626 4797 2645 4831 ,
2694 4752 2786 4815 ut
2833 4733 3261 4817 adventum
3315 4764 3544 4816 suum
3602 4734 3945 4845 quodam
