4666 6014
1017 697 1161 769 330
1514 681 2208 762 CHRONIGORUM
2257 683 2617 760 KAROLI
2667 681 2955 760 SEX'I'I
3002 682 3334 764 L113.-v.

1015 836 1633 920 commendabili
1668 834 1951 917 dilexit
1982 835 2301 938 affectu,
2329 856 2417 917 et
2428 836 2653 917 thori
2683 833 2927 918 fidem
2958 861 3211 950 usque
3232 837 3335 919 ad
3369 853 3827 920 extremum

1020 1003 1485 1087 preservans
1532 976 1560 1022 ¹
1623 973 2049 1074 illibatam3
2100 1002 2200 1056 ex
2252 1001 2411 1087 qua
2468 977 2719 1056 eciam
2774 976 3125 1085 suscepit
3174 976 3455 1056 binam
3520 977 3835 1086 prolem

1019 1112 1564 1194 masculinam.
1598 1113 1704 1192 Et
1724 1112 2227 1224 breviloquio
2251 1131 2520 1212 utens,
2557 1112 2672 1193 nil
2696 1112 2859 1193 'sibi
2887 1110 3159 1193 deerat
3191 1109 3293 1192 ad
3312 1133 3828 1223 augmentum

1026 1250 1278 1359 glorie
1307 1249 1741 1334 mundialis
1762 1314 1780 1351 ,
1816 1252 1883 1330 si
1913 1250 2075 1331 sibi
2114 1279 2309 1361 gaze
2336 1250 2815 1361 multiplices
2834 1314 2855 1352 ‚
2891 1245 3458 1362 impreciabilis
3480 1251 3831 1361 supellex

1025 1391 1242 1499 regia
1304 1406 1384 1469 et
1445 1388 1798 1498 amplum
1855 1390 2451 1498 patrimonium
2497 1388 3021 1470 suffecissent.
3084 1385 3482 1503 Equidem
3533 1417 3836 1469 memo-
3958 1407 3971 1421 ·

1027 1545 1237 1609 ratas
1292 1526 1541 1607 claras
1593 1524 1822 1608 dotes
1853 1589 1871 1625 ,
1921 1524 2141 1608 unde
2191 1527 2350 1608 sibi
2394 1525 2691 1607 famam
2744 1555 3029 1638 parere
3065 1528 3096 1572 ²
3148 1544 3470 1636 poterat
3513 1526 3841 1610 immor-
3976 1571 3993 1588 ·

1029 1665 1304 1764 talem,
1352 1662 1584 1746 avida
1627 1662 2230 1745 thesaurizandi
2268 1693 2571 1774 vorago
2607 1662 3096 1775 denigravit,
3144 1666 3378 1776 eique
3418 1661 3523 1744 ad
3563 1682 3853 1746 notam

1032 1804 1580 1915 imputabatur
1632 1803 1855 1917 quod
1898 1803 2282 1886 indebitis
2313 1823 2394 1885 et
2441 1805 2860 1917 exquisitis
2890 1803 3447 1887 exactionibus
3474 1800 3859 1885 subditos-

1030 1969 1284 2054 usque
1322 1940 1426 2022 ad
1465 1969 1919 2051 supremam
1959 1943 2603 2023 exinanicionem
2654 1945 3070 2024 attriverat
3108 1960 3191 2022 et
3237 1965 3482 2052 supra
3518 1963 3855 2022 suarum

1037 2081 1624 2164 obvencionum
1663 2084 1919 2183 vires3
1961 2080 2179 2162 unde
2210 2080 2811 2164 maledictiones
2853 2084 2940 2163 in
2979 2109 3163 2164 eum
3190 2084 3493 2195 absque
3524 2067 3857 2161 erube‘sss

1038 2222 1304 2301 cencie
1327 2221 1501 2302 velo
1537 2219 1858 2330 publice
1889 2219 2375 2329 jaculabant.
2401 2219 2737 2321 Iterum,
2779 2218 3001 2333 quod
3036 2250 3184 2302 nec
3218 2236 3643 2302 contentus
3670 2215 3842 2299 An-

1041 2353 1369 2467 degavie
1400 2376 1481 2439 et
1512 2357 1998 2439 Cenomanie
2030 2359 2265 2438 uberi
2299 2360 2529 2469 regni
2579 2361 2967 2470 porcione
3000 2386 3261 2471 neque
3301 2358 3650 2440 strenuis
3676 2355 3843 2465 jam

1040 2498 1292 2609 gestis·
1339 2525 1521 2576 cum
1574 2498 2033 2606 prepotenti
2091 2495 2420 2577 dextera
2442 2559 2461 2597 ‚
2543 2498 2703 2580 nisi
2750 2499 3104 2580 nominis
3163 2499 3287 2578 sui
3343 2490 3684 2606 gloriam
3741 2491 3842 2574 ad

947 2677 958 2690 ·
1039 2636 1358 2745 ignotas
1383 2632 1790 2715 dilatasset
1829 2635 2197 2742 regiones
2217 2697 2237 2735 ,
2285 2664 2627 2744 regnum
2658 2636 2964 2736 Sicilie,
2999 2635 3101 2716 ab
3138 2635 3664 2715 illustrissima
3695 2631 3842 2713 dos-

1015 2776 1268 2866 ‚mina
1292 2772 1662 2853 Johanna
1707 2777 1988 2883 regina
2038 2773 2193 2854 sibi
2250 2772 2729 2883 adopciouis
2765 2776 3004 2856 titulo
3052 2799 3559 2872 concessum,
3602 2801 3841 2854 occu·-

1043 2939 1240 3024 pare
1289 2912 1711 3023 temptavit
1728 2971 1749 3011 ‚
1791 2940 2123 3021 sperans
2178 2910 2295 2993 ibi
2337 2915 2691 3022 reperire
2729 2913 3069 2994 uberem·
3098 2913 3516 2992 materiam
3554 2912 3841 2993 trium*-

1044 3051 1421 3162 phorum.
1481 3048 1639 3129 Sed
1684 3077 1878 3130 mox
1907 3112 1925 3147 ,
1977 3067 2072 3130 ut
2114 3050 2219 3130 ab
2266 3069 2649 3131 extremo·
2676 3052 2905 3159 regni
2949 3049 3201 3131 limite
3237 3048 3527 3160 pedem
3557 3051 3846 3145 movit,

1049 3188 1209 3269 sibi
1258 3190 1578 3300 suisque
1621 3187 1953 3271 fortuna
1998 3185 2354 3297 dampna
2408 3187 2901 3269 inevitabilia
2947 3189 3429 3299 preparavit.

1162 3327 1314 3407 Per
1340 3326 1650 3406 biennii
1691 3327 1962 3438 itaque
1990 3325 2281 3406 saltum
2321 3325 2666 3406 calamus
2699 3325 2802 3407 ad
2827 3327 3271 3436 hystoriam
3301 3324 3810 3406 retrocedens
3832 3387 3850 3421 ‚

1048 3469 1115 3545 is
1138 3528 1156 3563 ‚
1207 3494 1251 3544 a
1292 3495 1502 3576 papa
1537 3465 1942 3544 Clemente
1979 3464 2308 3545 licencia
2348 3461 2914 3546 benedictione
2960 3466 3333 3545 comitiva
3379 3465 3803 3576 impetrata
3832 3523 3851 3561 ‚

1049 3607 1204 3683 iter
1226 3632 1410 3684 cum
1438 3603 1602 3690 suis
1627 3630 2065 3712 aggressuS‚
2101 3604 2481 3683 omnibus
2511 3602 2767 3684 edixit
2786 3630 2979 3683 voce
3002 3604 3383 3713 preconia
3407 3630 3534 3702 ne,
3555 3619 3854 3681 terram

1055 3742 1424 3841 hostilem
1456 3760 1843 3852 petenteS‚
1879 3738 2617 3854 indigenisaliquas
2649 3770 3015 3823 enormes
3048 3742 3443 3822 infer-rent
3474 3739 3852 3850 injurias,

1055 3911 1524 3997 semperque
1567 3884 1779 3992 leges
1825 3880 2393 3992 hospitalitatis
2445 3881 2865 3963 inviolatas
2908 3898 3310 3963 servantes
3340 3943 3359 3980 ‚
3417 3907 3699 3959 eorum
3745 3879 3861 3958 fa-

1054 4045 1368 4120 vorem,
1403 4016 1714 4132 'quauta
1766 4037 2096 4130 possent
2146 4018 2625 4099 affabilitate
2648 4081 2667 4118 ‚
2709 4036 3277 4099 mercarentur.
3335 4013 3492 4096 Sed
3521 4015 3693 4095 hoc'
3713 4016 3860 4094 mie-

1058 4160 1274 4238 nime
1300 4157 1631 4267 profuit.
1666 4158 1874 4238 Nam
1906 4159 2412 4239 Francorum
2440 4184 2763 4236 exosam
2798 4157 3183 4236 habentes
3215 4156 3638 4234 nacionem
3658 4215 3677 4253 ,
3712 4180 3862 4233 nec

1022 4293 1302 4387 ¹modo
1349 4270 1528 4381 eam
1582 4299 1926 4377 transire
1979 4295 2331 4405 benigne
2383 4295 2957 4405 permiserunt,
3017 4290 3156 4374 sed
3210 4310 3291 4372 et
3347 4291 3863 4403 publicorum

1061 4432 1726 4518 commerciorum
1790 4437 2140 4545 graciam
2199 4434 2522 4545 penitus
2583 4450 3100 4542 negaverunt.
3167 4436 3273 4511 At
3339 4431 3524 4529 ubi,
3585 4426 3860 4509 triduo
3998 4444 4005 4451 “

1061 4593 1342 4655 exacto
1372 4638 1391 4676 ‚
1455 4592 1931 4684 consumpta
1993 4570 2272 4655 vident
2341 4601 2498 4684 que
2558 4601 2829 4653 secum
2894 4570 3240 4688 tulerant
3296 4569 3673 4649 alimenta
3702 4628 3720 4663 ‚
3783 4582 3862 4644 et

1065 4712 1283 4824 quod
1356 4713 2076 4796 intervenientibus
2145 4713 2519 4821 precibus
2587 4712 3247 4793 commerciorum
3321 4706 3572 4814 legem
3643 4728 3862 4784 com-

1145 4910 1160 4932 ¹
1207 4900 1349 4958 γαν.
1381 4927 1395 4957 .-
1421 4916 1486 4959 u·
1508 4900 1671 4976 5960,
1701 4894 1796 4957 sol.
1824 4898 1898 4976 59
1919 4920 1953 4957 v
1975 4942 1991 4971 ,
2019 4917 2382 4957 conservans.
2564 4908 2585 4930 ⁸
2629 4898 2771 4954 Var.
2796 4920 2815 4950 ι
2834 4907 2898 4953 12⁰
2921 4894 3084 4970 5960,
3110 4893 3217 4950 fola
3236 4890 3313 4967 59
3333 4911 3411 4962 v.·‚
3436 4904 3665 4964 parare.
