4666 6014
1064 723 1207 797 316
1547 712 2230 786 cnaomcoRUM
2257 685 2634 786 'KARoLl
2685 703 2969 787 sExrl
3018 716 3192 789 Lm.
3249 711 3344 793 v.

1062 870 1320 965 belua,
1363 865 1871 945 ferocissimis
1911 864 2310 943 morsibus
2353 863 2795 943 conabatur
2838 859 3309 947 discindere.
3366 867 3625 969 Quem
3667 896 3850 948 cum

1066 1007 1396 1087 cathena
1440 1003 1697 1083 ’ferrea
1746 1002 2080 1110 ligatum
2109 1002 2343 1081 amici
2395 1019 2475 1080 et
2519 1002 2761 1081 vicini
2807 1000 2907 1080 ad
2940 1002 3348 1083 ecclesiam
3392 1005 3608 1085 beati
3642 1035 3851 1085 mar-

1065 1145 1242 1223 tiris
1283 1141 1731 1223 attulissent
1757 1200 1777 1238 ,
1825 1168 2096 1219 coram
2135 1140 2504 1248 ymagine
2554 1138 2949 1237 crucifixi,
3006 1142 3523 1222 oracionibus
3567 1141 3800 1224 factis
3829 1208 3847 1241 ‚

1067 1279 1645 1393 aliquantulum
1700 1306 2079 1358 vesanum
2137 1278 2526 1384 impetum
2583 1273 2979 1385 deposuit.
3043 1277 3355 1358 Deinde
3421 1308 3605 1359 eum
3665 1300 3851 1361 ante

1066 1418 1311 1498 altare
1352 1417 1709 1517 martiris
1743 1411 2265 1525 perducentes
2286 1475 2305 1510 ,
2336 1442 2518 1494 cum
2550 1442 2787 1523 super
2814 1415 3352 1522 pavimentum
3380 1416 3854 1528 aliquandiu

1061 1555 1433 1665 jacuisset
1454 1616 1473 1653 ,
1513 1551 1747 1633 velud
1782 1582 1828 1632 a
1869 1554 2278 1661 corporeis
2318 1551 2682 1632 sensibus
2718 1573 3212 1662 segregatus,
3248 1555 3519 1635 subito
3563 1584 3663 1635 ex
3711 1585 3852 1636 ore

1070 1694 1238 1802 ejus
1296 1692 1691 1772 anhelitus
1740 1687 2256 1770 fetidissimus
2323 1692 2602 1786 exivit,
2664 1707 2748 1768 et
2797 1708 2989 1771 tunc
3036 1692 3420 1801 hylariter
3473 1723 3811 1802 surgens
3835 1758 3853 1791 ,

1070 1827 1295 1908 flexis
1349 1830 1683 1936 genibus
1704 1889 1723 1924 ,
1784 1828 2086 1936 gracias
2142 1829 2311 1907 Deo
2353 1828 2514 1935 egit
2570 1844 2651 1906 et
2705 1827 3057 1935 glorioso
3117 1832 3471 1929 martiri,
3536 1831 3858 1940 publice

1071 1967 1377 2046 cunctis
1421 1963 1829 2045 affirmans
1872 1960 2091 2077 quod
2132 1964 2301 2075 ejus
2351 1964 2720 2072 precibus
2761 1984 3166 2075 receperat
3200 1967 3595 2074 integram
3641 1969 3854 2047 sani-

1072 2119 1338 2183 tatem.

1185 2242 1351 2321 Isto
1399 2272 1651 2342 anno,
1706 2243 1789 2322 in
1845 2241 2026 2323 villa
2073 2241 2173 2324 de
2214 2242 2562 2353 Erbleyo
2610 2242 2952 2355 quedam
3000 2245 3287 2325 mulier
3325 2244 3579 2324 filium
3629 2272 3859 2323 suum

1069 2380 1470 2459 triennem
1500 2381 1586 2459 in
1620 2377 1965 2492 quadam
2000 2410 2183 2461 area
2222 2398 2585 2491 tempore
2625 2384 2892 2462 messis
2936 2383 3459 2495 relinquerat3
3503 2384 3641 2493 qui
3681 2381 3861 2461 cum

1069 2513 1422 2596 ludendo
1478 2520 1732 2626 spicas
1785 2518 1943 2598 huc
2006 2519 2347 2631 illucque
2408 2518 2940 2629 dispergeret,
2988 2520 3257 2601 subito
3298 2522 3538 2606 arista
3578 2518 3860 2628 spiculi

1074 2653 1161 2729 in
1182 2652 1496 2732 oculum
1526 2653 1701 2762 ejus
1723 2650 2094 2732 dextrum
2116 2656 2489 2754 evolavit3
2526 2655 2738 2735 unde
2766 2674 3045 2766 sequta
3063 2675 3180 2736 est
3205 2655 3405 2737 dus-a
3432 2658 3863 2736 humorum

1076 2789 1432 2894 collectio
1454 2851 1473 2886 ,
1522 2817 1677 2899 que
1737 2787 1996 2868 eidem
2038 2769 2194 2898 Ρεῐὲ
2220 2808 2382 2868 tres
2414 2789 2900 2871 ebdomadas
2944 2794 3350 2872 cecitatem
3382 2791 3727 2872 induxit.
3764 2793 3865 2870 Et

1075 2928 1261 3039 quia
1295 2954 1343 3005 a
1376 2927 1791 3034 cirurgicis
1840 2926 2013 3005 visu
2060 2924 2669 3036 adjudicabatur
2700 2927 3136 3038 privandus
3168 2958 3367 3038 puer
3402 2930 3563 3029 ille,
3613 2947 3866 3010 mater

1077 3062 1268 3143 inde
1299 3064 1615 3143 anxiata
1643 3065 1906 3172 ipsum
1937 3062 2039 3143 ad
2072 3063 2474 3143 ecclesiam
2510 3063 2720 3145 beati
2751 3067 3120 3173 Dyonisii
3144 3067 3448 3164 attulit,
3474 3070 3868 3181 missaque

1079 3201 1507 3279 martirum
1536 3199 2039 3280 devotissime
2078 3197 2348 3279 audita
2367 3263 2385 3299 ,
2416 3219 2497 3280 et
2526 3204 2756 3310 signo
2788 3204 3040 3282 crucis
3073 3231 3171 3283 ex
3206 3204 3426 3285 clavo
3459 3203 3867 3285 dominico

1079 3365 1318 3446 super
1367 3337 1687 3417 oculum
1732 3340 2157 3446 impresso,
2201 3366 2383 3416 cum
2422 3336 2523 3417 ad
2564 3341 2960 3448 capicium
3000 3368 3381 3450 pergens,
3425 3361 3610 3421 ante
3648 3371 3870 3451 yma-

1081 3476 1352 3582 ginem
1397 3474 1626 3554 beate
1680 3473 1929 3554 Marie
1977 3503 2232 3582 genua
2292 3474 2675 3574 flexisset,
2735 3475 3077 3563 dicendo
3129 3482 3303 3557 Ave
3348 3480 3661 3578 Maria,
3718 3481 3869 3558 hu-

1080 3640 1263 3690 mor
1303 3640 1678 3693 excecans
1720 3612 2038 3692 oculum
2089 3611 2359 3691 subito
2410 3611 2698 3692 cecidit
2754 3642 2931 3693 cum
2972 3616 3214 3695 arista
3241 3677 3260 3713 ,
3322 3632 3400 3693 et
3444 3616 3558 3694 sic
3620 3613 3872 3694 filium

1086 3749 1295 3830 clare
1328 3746 1733 3829 videntem
1766 3747 1867 3828 ad
1900 3748 2229 3830 domum
2263 3749 2419 3829 leta
2452 3749 2797 3831 reduxit.

1200 3886 1432 3965 Multi
1472 3887 1724 3966 eciam
1750 3885 2225 3989 rabidorum
2259 3917 2547 3967 canum
2583 3890 3002 3969 venenosis
3044 3872 3443 3967 morsibus
3478 3890 3874 3966 attrectati

1088 4025 1244 4105 isto
1277 4052 1529 4121 ann0,
1572 4022 1936 4105 debitum
1967 4027 2371 4105 oracionis
2403 4028 2824 4107 servicium
2854 4026 3047 4134 ipsis
3076 4024 3366 4103 sanctis
3406 4024 3875 4104 martiribus

1085 4161 1619 4271 persolventes
1645 4224 1665 4259 ,
1711 4164 1965 4242 curati
2004 4179 2194 4243 sunt
2233 4180 2314 4242 et
2348 4164 2633 4243 mortis
2672 4156 3183 4272 dispendium
3218 4179 3638 4241 evaserunt
3660 4221 3679 4259 ,
3712 4189 3875 4241 uno

1089 4296 1479 4381 duntaxat
1522 4318 1855 4408 excepto
1883 4362 1901 4398 ,
1952 4299 2173 4411 quod
2219 4302 2498 4411 procul
2544 4298 2797 4380 dubio
2848 4329 2946 4380 ex
2987 4298 3449 4380 diffidencia
3490 4302 3660 4411 eJ'us
3708 4318 3876 4379 cre-

1091 4432 1312 4517 ditur
1346 4437 1750 4518 accidisse.
1773 4420 1779 4433 ’
1805 4435 2077 4531 Sciens
2119 4467 2463 4552 namque
2502 4440 3094 4547 prerogativam
3150 4438 3475 4547 gloriosi
3526 4436 3877 4525 martiris

1091 4574 1327 4654 talem
1383 4603 1584 4673 esse,
1633 4572 1854 4688 quod
1912 4604 2066 4684 pro
2119 4578 2730 4688 quibuscunque
2784 4594 3103 4685 rogaret
3149 4578 3584 4655 Dominum
3636 4575 3878 4677 impe-

1088 4728 1377 4810 traret,
1439 4712 2007 4793 nichilominus
2063 4734 2384 4823 peracta
2446 4715 2882 4798 devocione
2936 4714 3148 4797 aliud
3190 4712 3630 4797 remedium
3682 4737 3880 4819 que-

1092 4876 1277 4929 rens
1321 4847 1423 4930 ad
1464 4879 1683 4932 mare
1724 4852 2188 4936 acceleravit
2218 4915 2238 4952 ,
2284 4872 2378 4965 et·
2416 4855 2539 4935 ibi·
2576 4858 2849 4938 novies
2879 4883 2962 4936 se
3001 4852 3430 4964 immersit3
3472 4847 3612 4930 sed
3655 4864 3877 4926 ante·
