4666 6014
1058 707 1204 781 440
1528 707 2210 786 CHRONICORUM
2258 710 2616 784 KAROLI
2664 706 2950 781 SEXTI
2996 704 3175 776 LIB.
3229 700 3357 777 vl.

1179 858 1300 936 De
1355 861 1912 966 responsione,
1962 863 2321 971 quamvis
2375 889 2544 941 non
2586 887 2682 939 ex
2722 883 2937 936 mera
2981 852 3253 956 radice
3279 849 3791 932 benivolencie
3813 852 3836 892 ¹

1066 990 1547 1099 procedente
1589 1058 1607 1092 ,
1689 973 2048 1078 contenti
2120 997 2684 1079 Gandavenses
2748 992 3135 1074 ducentos
3205 1006 3284 1069 et
3348 1015 3444 1067 eo
3503 984 3843 1096 amplius

1062 1156 1365 1210 summe
1392 1127 1885 1215 auctoritatis
1908 1136 2124 1217 viros
2156 1134 2258 1216 ad
2285 1135 2500 1217 diem
2523 1133 2821 1215 dictam
2844 1129 3232 1210 miserunt
3253 1155 3272 1225 3
3298 1126 3462 1236 qui,
3484 1125 3842 1236 quamvis

1065 1266 1335 1348 multis
1394 1273 1894 1358 occasionem
1946 1271 2317 1356 dederint
2374 1266 2967 1367 murmurandi,
3025 1265 3212 1378 quia
3269 1292 3441 1343 non
3498 1263 3591 1342 ut
3652 1291 3842 1370 sup-

1061 1404 1304 1513 plices
1343 1406 1680 1489 humiles
1701 1472 1719 1509 ,
1748 1409 1889 1491 sed
1921 1412 2008 1491 in
2037 1414 2262 1524 equis
2296 1410 2756 1521 phaleratiS‚
2790 1404 3184 1487 similibus
3219 1401 3570 1481 vestibus
3601 1417 3680 1481 et
3708 1427 3842 1508 ap-

1066 1560 1349 1650 paratu
1393 1573 1786 1656 pomposo
1833 1548 2333 1657 apparebant
2357 1611 2376 1636 ,
2409 1576 2601 1630 mox
2642 1564 2908 1626 tamen
2950 1539 3053 1626 ad
3085 1567 3354 1650 regem
3383 1536 3842 1620 accedentes

1067 1681 1467 1786 passivum
1503 1683 1964 1766 scandalum
2007 1687 2457 1768 vitaverunt
2486 1684 2858 1792 protinus
2875 1742 2896 1779 ‚
2936 1679 3124 1789 quia
3164 1676 3549 1786 prostrati
3594 1674 3843 1754 humo

1066 1842 1229 1895 una
1280 1843 1472 1902 voce
1513 1820 2160 1928 supplicaverunt
2198 1840 2294 1902 ut
2343 1822 2599 1902 errori
2642 1818 2967 1930 publico
3006 1830 3490 1925 parceretur.
3535 1809 3847 1890 Deinde

1068 1981 1251 2034 cum
1282 1952 1507 2035 flexis
1535 1957 1874 2065 genibus
1909 1960 2132 2068 regi,
2171 1958 2355 2039 duci
2393 1986 2715 2070 quoque
2738 1974 2822 2036 et
2840 1954 3158 2035 'ducisse
3186 1947 3650 2058 Burgundie
3689 1949 3841 2028 hu·

1067 2088 1336 2169 milem
1358 2090 1909 2174 obedienciam
1938 2113 2019 2177 et
2050 2093 2512 2175 fidelitatem
2549 2097 2952 2204 jurassent
2973 2152 2993 2188 ‚
3032 2085 3355 2168 tandem
3405 2113 3647 2194 super
3688 2084 3844 2212 hi‘y

1069 2254 1223 2333 que
1252 2210 1660 2334 pecierant
1685 2232 1771 2309 in
1812 2234 2129 2338 scriptis
2160 2233 2615 2316 successivis
2641 2229 2923 2309 diebus
2954 2225 3229 2305 habita
3257 2221 3846 2304 deliberacione

1063 2379 1378 2441 matura
1401 2423 1420 2460 ,
1464 2359 1566 2441 ad
1606 2363 2272 2446 reformacionem
2311 2367 2608 2476 patrie,
2658 2393 2799 2444 rex
2841 2379 3112 2472 gratos
3150 2359 3434 2440 habuit
3468 2358 3845 2466 articulos

1067 2515 1482 2606 sequentes
1509 2560 1527 2596 ‚
1570 2517 1921 2580 statuens
1955 2518 2218 2580 tamen
2250 2520 2341 2581 ut
2368 2499 2647 2609 sigillis
2672 2497 2893 2579 ducis
2924 2514 3004 2577 et
3043 2495 3351 2577 ducisse
3385 2493 3848 2604 B'urgundie

1068 2634 1355 2716 muniti
1392 2695 1411 2729 ,
1488 2662 1767 2714 eorum
1825 2638 2298 2716 auctoritate
2360 2637 2660 2748 ubique
2723 2634 3363 2745 publicarentur,
3410 2633 3599 2744 quia
3665 2636 3845 2743 jure

1067 2773 1358 2852 uxorio
1391 2769 1558 2854 dux
1588 2774 2055 2854 comitatum
2087 2774 2150 2854 F
2152 2772 2460 2855 landrie
2499 2771 2987 2881 possidebat.

1184 2955 1284 3035 Et
1302 2958 1490 3065 quia
1519 2960 1785 3066 primo
1819 2960 2256 3068 poscebant
2282 2978 2376 3041 ut
2403 2960 2583 3043 ville
2608 2959 2707 3042 de
2730 2960 3228 3059 Courtriaco,
3257 2958 3838 3060 d’Audenarde,

1070 3092 1590 3193 Grantmont,
1614 3094 2054 3205 Menctoye,
2069 3096 2641 3197 Terremonde‚
2659 3082 3292 3209 Ruppelmonde‚
3305 3097 3555 3198 Alost‚
3574 3098 3810 3178 Hulst
3824 3161 3842 3194 ,

1069 3228 1273 3311 Axel
1294 3294 1312 3329 ‚
1346 3229 1715 3312 Biervliet
1741 3295 1759 3329 ,
1796 3234 2154 3345 Denyse‚·
2177 3265 2333 3344 que
2366 3265 2542 3317 cum
2582 3235 3129 3347 adjacentibus
3167 3237 3392 3345 pagis
3428 3235 3737 3346 legibus
3765 3254 3846 3315 et

1069 3367 1780 3451 consuetudinibus
1820 3371 2473 3455 Gandavensium
2529 3373 3088 3482 subjacebant,
3128 3371 3428 3454 eisdem
3458 3390 3540 3453 et
3597 3372 3841 3479 privi-

1067 3506 1290 3614 legiis
1352 3536 1672 3606 eorum,
1716 3526 1810 3590 ut
1855 3512 2337 3621 antiquimS‚
2395 3510 2643 3593 libere
2702 3528 3138 3607 uterentur,
3198 3536 3670 3617 responsum
3707 3504 3845 3588 'est

1066 3640 1289 3749 quod
1327 3644 1745 3725 consilium
1785 3646 1994 3754 regis
2033 3644 2449 3728 ordinaret
2478 3674 2717 3756 super
2752 3646 2910 3729 hoc
2942 3644 3141 3757 quid
3172 3641 3592 3753 agendum.
3683 3738 3695 3751 .

1183 3803 1665 3885 Concessum
1720 3824 1839 3885 est
1887 3805 2405 3914 postmodum
2468 3824 2559 3888 ut
2614 3835 2889 3888 omnes
2945 3808 3489 3915 negociatores
3509 3867 3527 3903 ‚
3585 3804 3839 3887 unde-

1072 3968 1383 4050 cunque
1434 3939 1903 4024 advenirent
1943 3942 2144 4024 lucri
2176 3943 2519 4026 faciendi
2573 3947 2836 4056 gracia
2857 4006 2882 4040 ,
2929 3972 3226 4024 merces
3266 3945 3726 4052 peregrinas
3766 3962 3846 4022 et

1069 4102 1527 4158 communes
1560 4108 1703 4189 per
1733 4078 2210 4161 Gandavum
2243 4100 2323 4162 et
2344 4100 2593 4162 totam
2619 4080 2682 4162 F
2686 4079 3080 4162 landriam
3110 4080 3319 4158 licite
3350 4098 3678 4188 possent
3705 4078 3841 4161 de-

1065 4210 1279 4294 ferre
1307 4233 1386 4294 et
1412 4218 1585 4297 sine
1614 4215 2210 4325 impediment03
2226 4218 2607 4303 solvendo
2633 4218 3041 4329 vectigalia
3073 4235 3152 4298 et
3179 4216 3536 4299 thelonia
3562 4218 3667 4297 ab
3697 4246 3841 4298 an-

1067 4353 1294 4461 tiquo
1327 4352 1806 4437 introducta.

1184 4514 1483 4594 Iterum
1536 4516 1602 4593 si
1660 4515 1903 4638 aliqui
1954 4542 2053 4598 ex
2108 4519 2771 4602 Gandavensibus
2818 4518 2940 4599 vel
2994 4517 3516 4627 complicibus
3562 4544 3838 4597 eorum

1066 4649 1582 4731 dissensionis
1623 4654 2036 4733 occasione
2074 4655 2655 4764 impedirentur
2691 4657 2982 4738 futuris
3016 4654 3514 4765 temporibus
3558 4657 3843 4763 quovis

1144 4833 1157 4855 ¹
1190 4825 1265 4880 Le
1288 4835 1406 4879 mot
1432 4778 1799 4881 benivolencia
1815 4869 1830 4895 ,
1857 4831 2150 4900 emprunte
2169 4847 2240 4884 au
2260 4839 2322 4884 n⁰
2344 4831 2503 4906 5960,
2523 4828 2617 4884 fol.
2641 4829 2711 4900 67
2741 4847 2814 4897 r.,
2835 4844 3075 4901 mamque
3095 4826 3232 4881 dans
3248 4825 3303 4882 le
3320 4835 3382 4880 n⁰
3403 4825 3559 4900 5958.
