4666 6014
1069 667 1078 680 .
1138 623 1282 697 726
1589 614 2274 690 CHRONICORUM
2326 612 2683 688 KAROLI
2732 614 3017 689 SEXTI
3066 619 3245 694 Lm.
3300 617 3471 692 ΧΠ.

1141 773 1354 883 (quis
1389 796 1741 879 unquam
1772 767 2236 874 sperassetP)
2275 768 2751 848 incarcerari
2793 771 3183 876 precepit,
3227 768 3562 850 credens
3586 769 3756 850 sibi
3794 773 3953 851 nil·

1136 908 1507 1013 deinceps
1575 922 2051 1014 negaturum·
2091 903 2335 1014 quod
2405 931 2671 1013 regem
2739 906 3239 1014 postulasset.
3322 905 3640 1016 Vulgali
3704 908 3916 990 fama

1134 1059 1372 1123 vento
1407 1023 1654 1122 cicius*
1692 1060 2096 1142 currente,
2144 1042 2565 1121 imminens
2598 1043 3039 1149 periculum
3069 1041 3506 1154 divulgavit
3527 1108 3546 1144 ,
3583 1061 3663 1126 et
3695 1044 3915 1156 quod

1136 1179 1502 1262 satellites
1549 1207 1731 1261 suos
1768 1182 1936 1288 jam
1991 1178 2093 1259 ad
2134 1181 2289 1259 hoc
2326 1181 2652 1268 miserat
2707 1211 2723 1258 ε
2768 1180 2987 1292 quod
3026 1181 3471 1291 legatorum
3514 1187 3917 1298 concussit

1137 1319 1443 1399 animos
1467 1379 1487 1416 ,
1515 1317 1803 1428 quibus
1850 1346 2029 1396 cum
2061 1315 2335 1425 fugere
2363 1317 2482 1398 fas
2512 1295 2680 1397 n'on
2714 1337 2948 1413 esset,
2997 1338 3077 1399 et
3103 1317 3648 1402 crudelitatem
3688 1318 3911 1402 ducis

1136 1471 1402 1535 mente
1435 1455 1955 1550 revolverent,
1994 1483 2088 1534 ex
2122 1456 2232 1534 eis
2261 1467 2453 1535 tunc
2478 1483 2645 1535 non
2668 1455 2827 1536 fuit
2851 1458 2989 1567 qui
3027 1457 3269 1560 larem
3300 1475 3471 1539 n‘on
3498 1476 3914 1566 exoptaret

1135 1594 1594 1703 proprium,
1636 1593 1912 1699 pocius
1955 1620 2192 1703 quam
2223 1592 2587 1672 infinitos
2622 1592 3080 1694 thesauroe,
3132 1611 3221 1676 ut
3271 1596 3514 1676 michi
3555 1612 3910 1702 postmo-

1138 1728 1327 1809 dum
1376 1730 1867 1838 juraverunt.

1251 1866 1370 1944 Ne
1398 1883 1667 1945 tamen
1693 1868 2164 1977 exequcioni
2191 1864 2520 1945 daretur
2546 1884 2766 1946 tanta
2784 1865 3156 1977 prodicio
3176 1929 3196 1966 ,
3231 1866 3605 1948 dominus
3635 1870 3913 1949 Petrus

1143 1999 1244 2082 de
1285 1970 1673 2100 Navarra,
1721 2000 2029 2082 ducisse
2061 2003 2411 2082 Britanie
2440 2003 2714 2104 frater,
2763 2005 3105 2085 obstitit.
3149 2007 3353 2086 Nam
3393 2005 3607 2086 illam
3638 2004 3910 2088 adiens

1142 2155 1678 2218 commentum
1713 2137 2020 2218 fraudis
2067 2158 2146 2219 et
2193 2137 2381 2219 inde
2422 2157 2850 2253 sequutura
2897 2143 3545 2223 inconveniencia
3577 2140 3907 2251 detegit,

1142 2275 1593 2386 supplicans
1643 2296 1734 2357 ut
1785 2273 2054 2357 mariti
2115 2277 2544 2357 immutans
2598 2277 3086 2359 voluntatem
3137 2277 3512 2360 indecens
3574 2277 3909 2379 diceret,

1145 2432 1423 2496 contra
1450 2415 1578 2523 jus
1626 2417 2025 2524 gencium,
2074 2415 2320 2494 eciam
2358 2414 2925 2514 barbararum,
2972 2434 3054 2496 et
3093 2436 3373 2497 contra
3407 2400 3913 2525 disciplinam

1145 2552 1582 2632 honestatis
1617 2614 1636 2650 ,
1721 2552 1789 2632 si
1868 2570 2177 2633 tantum
2251 2552 2557 2634 facinus
2643 2572 3176 2661 perpetraret,
3254 2555 3375 2636 vel
3454 2582 3913 2665 comparere

1140 2716 1411 2767 coram
1439 2717 1620 2797 rege
1650 2688 2099 2804 denegaret.
2129 2692 2285 2768 Pro
2314 2718 2508 2797 pace
2538 2707 2618 2769 et
2645 2689 3074 2771 concordia
3105 2690 3575 2774 venerabilis
3601 2690 3913 2778 ducissa

1139 2827 1505 2931 promisit
1544 2828 2056 2937 interponere
2085 2830 2295 2908 vices
2340 2855 2553 2927 suas3
2586 2826 2703 2908 ‘ad
2742 2826 2964 2939 quod
3014 2829 3299 2908 merito
3348 2827 3905 2928 inclinabatur,

1135 2991 1317 3043 cum
1349 2960 1450 3043 de
1484 2961 1728 3045 domo
1758 2966 2090 3049 Francie
2120 2983 2202 3046 et
2229 2983 2569 3074 cognata
2599 2967 2808 3075 regis
2837 2966 3112 3048 Karoli
3138 2968 3534 3049 existeret.
3566 2965 3911 3078 Moxque

1137 3100 1507 3180 muliebri
1568 3100 1877 3210 pudore
1933 3105 2385 3212 postposito
2407 3166 2427 3202 ,
2487 3105 2843 3213 quamvis
2903 3106 3269 3211 proxima
3339 3121 3541 3184 esset
3594 3106 3861 3213 partui
3884 3166 3902 3202 ,

1139 3236 1433 3319 liberos
1473 3240 1827 3349 propriis
1870 3238 2078 3321 ulnis
2133 3266 2536 3323 assumens
2559 3302 2578 3338 ,
2635 3266 2816 3321 cum
2867 3240 3235 3321 comitiva
3291 3234 3640 3340 modica,
3706 3243 3914 3321 circa

1141 3377 1685 3483 crepusculum
1734 3381 1991 3459 noctis
2039 3381 2536 3489 inexpectata
2575 3398 2656 3459 et
2693 3397 2956 3487 preter
2997 3408 3299 3459 morem
3329 3376 3653 3460 solitum
3691 3370 3912 3461 ducis

1141 3541 1532 3592 cameram
1572 3533 1690 3595 est
1727 3517 2104 3623 ingressa.
2151 3516 2254 3595 Ut
2291 3519 2549 3597 veraci
2589 3516 2981 3596 relacione
3016 3514 3303 3614 didici,
3351 3513 3452 3595 ad
3494 3514 3735 3627 pedes
3764 3513 3911 3598 du·-

1139 3650 1249 3728 cis
1288 3649 1512 3730 flexis
1561 3652 1893 3759 genibus
1933 3680 2013 3733 se
2041 3653 2551 3760 provolvens,
2584 3683 2762 3734 cum
2800 3655 3070 3733 mestis
3110 3653 3591 3761 singultibus
3632 3652 3914 3739 ducem

1137 3784 1242 3864 ad
1280 3788 1814 3868 miserandum
1859 3790 1982 3871 sui
2043 3807 2123 3903 et
2158 3790 2595 3876 liberorum
2639 3780 2979 3870 incitans
3008 3850 3028 3887 ,
3085 3778 3621 3869 commentum
3684 3789 3911 3875 stau-

1141 3921 1292 4001 dis·
1321 3923 1570 4005 libera
1618 3924 1808 4007 voc'e
1863 3925 2199 4036 detegit,
2251 3927 2604 4008 fautores
2648 3926 3092 4034 iniquitatis
3153 3925 3401 4007 libere
3453 3925 3908 4035 profitetur,

1139 4077 1221 4138 et
1278 4060 1525 4141 scelus
1585 4091 1982 4173 agravans‘
2028 4064 2424 4174 supplicat
2477 4078 2566 4142 ut
2621 4064 3033 4170 resipiscat
3091 4064 3193 4143 ab
3246 4066 3568 4171 incepto
3590 4123 3611 4162 ‚
3670 4079 3751 4143 et
3810 4090 3912 4143 ne

1140 4226 1286 4306 per
1332 4199 1880 4282 inobediencie
1928 4216 2203 4287 notam
2246 4226 2511 4310 regem
2558 4216 2639 4281 et
2689 4199 2924 4280 flores
2993 4199 3136 4285 lilii
3204 4198 3716 4298 defferentes,
3770 4200 3911 4309 qui

1142 4355 1326 4445 post
1375 4339 1543 4447 ejus
1603 4339 1914 4420 obitum
1963 4339 2268 4449 prolem
2331 4365 2553 4422 suam
2606 4338 2811 4418 tueri
2860 4352 3237 4446 poterant
3259 4350 3301 4436 ,'
3332 4334 3491 4419 sibi
3546 4334 3912 4417 redderet

1140 4472 1462 4554 alienos.

1254 4612 1527 4697 Preces
1553 4613 1835 4697 vallide
1866 4614 2192 4696 fuerunt
2218 4615 2569 4699 efficaces
2586 4676 2606 4714 ,
2629 4631 2709 4694 et
2729 4610 3010 4694 ducem
3031 4612 3133 4693 ab
3153 4614 3425 4723 iniqua
3451 4612 3904 4703 intencione

1143 4768 1671 4844 retraxerunt.
1707 4750 1962 4851 Unde,
1998 4753 2269 4845 forsan
2300 4781 2470 4852 non
2501 4753 2769 4835 animo
2792 4749 2934 4837 sed
2973 4751 3309 4840 consilio
3330 4767 3641 4831 mutato
3659 4811 3679 4848 ,
3708 4748 3910 4856 lega-
