4666 6014
1175 696 1266 767 18
1684 682 2369 762 clfflomcomm
2418 681 3126 771 KAROLI--SEXTI'
3155 684 3335 759 Lm.
3388 682 3449 756 1.

1143 858 1206 913 ·«
1246 842 1437 941 satis
1477 839 1904 932 absonum,
1944 835 2098 917 viri
2153 832 2445 929 incliti,
2487 830 2700 911 fama
2749 830 3184 930 referente,
3225 830 3327 913 de
3363 831 3558 909 viris
3610 830 3764 910 sub
3797 861 3971 913 ves-

1172 1013 1207 1050 «
1250 980 1423 1057 tris'
1452 973 1987 1055 militantibus
2043 972 2335 1078 signiS,
2406 968 2508 1049 ad
2561 986 2923 1048 nostram
2981 971 3351 1078 pervenit
3409 969 3835 1069 noticiam,
3895 991 3973 1050 et

1171 1151 1207 1188 «
1250 1112 1471 1227 quod
1511 1111 1821 1191 domini
1866 1109 2124 1188 nostri
2160 1109 2371 1233 regis
2416 1105 2761 1186 subditis
2809 1134 3084 1214 graves
3125 1107 3482 1186 inferant
3509 1107 3969 1205 violencias3

1171 1288 1206 1324 «
1248 1269 1326 1330 et
1371 1247 1553 1329 ideo
1576 1310 1596 1347 ,
1649 1247 1802 1327 sub
1848 1246 2243 1356 promisse
2295 1241 2765 1325 obediencie
2829 1245 3290 1354 juramento
3346 1242 3604 1324 eidem
3658 1243 3970 1345 debito,

1172 1423 1206 1461 cc
1246 1388 1478 1467 vobis
1538 1384 2035 1495 injungimus
2056 1444 2076 1481 ,
2118 1399 2211 1461 ut
2261 1379 2560 1461 eisdem
2616 1382 3024 1491 imperetis
3069 1380 3291 1493 quod
3345 1384 3817 1492 resipiscant
3871 1385 3978 1465 ab

1171 1561 1206 1598 ι(
1249 1524 1614 1631 inceptis.
1634 1512 1862 1631 ‚Nam
1895 1521 2104 1601 hanc
2136 1519 2550 1599 licenciam
2574 1516 3098 1633 dampnosam
3124 1518 3424 1607 salubri
3450 1518 3649 1600 falce
3682 1523 3977 1631 rigoris

1172 1697 1209 1733 «
1252 1661 1661 1772 equissimi
1712 1658 2065 1739 volentes
2108 1654 2599 1766 prescidere,
2656 1656 3078 1736 statuimus
3122 1672 3249 1755 ut,
3298 1656 3361 1735 si
3409 1657 3590 1767 quis
3633 1657 3976 1770 aliquem

1175 1834 1210 1871 «
1252 1795 1736 1907 depredatus
1802 1795 2079 1893 fuerit,
2143 1791 2589 1904 predonem
2631 1793 2761 1903 jus
2814 1791 3092 1904 fasque
3140 1793 3247 1872 sit
3300 1790 3593 1887 occidi,
3642 1822 3837 1874 neve
3889 1823 3978 1874 ea

1148 1969 1211 2007 .«
1254 1933 1485 2014 cedes
1517 1932 1879 2043 capitalis
1910 1959 2123 2012 noxe
2164 1930 2593 2029 habeatur,
2628 1946 2712 2009 et
2746 1930 2813 2009 si
2859 1928 2963 2009 ad
2999 1927 3388 2039 judicium
3432 1929 3644 2008 trahi
3679 1932 3969 2039 possit,

1177 2108 1213 2146 «
1259 2072 1626 2151 ultimum
1664 2071 1945 2152 subeat
1985 2070 2491 2179 supplicium.
2534 2102 2573 2142 »

1290 2257 1618 2336 Cunctis
1658 2284 1851 2336 voce
1889 2257 2279 2367 preconia·
2310 2257 2468 2334 hoc
2507 2255 2986 2334 auctoritate
3029 2255 3248 2364 regia
3297 2255 3773 2364 publicatur.
3818 2254 3974 2336 Sed

1175 2392 1515 2472 effrenes
1546 2412 1628 2474 et
1651 2391 2245 2503 indisciplinate
2275 2391 2711 2503 phalanges
2731 2452 2751 2491 ,
2783 2390 3453 2501 parvipendentes
3483 2390 3972 2490 mandatum,

1178 2527 1578 2609 deteriora
1627 2530 1868 2609 solito
1914 2527 2409 2609 addidaeunt
2434 2591 2455 2624 ,
2520 2529 2906 2640 brevique
2961 2526 3164 2609 adeo
3221 2528 3600 2608 infestum
3656 2556 3977 2608 omnem

1179 2664 1978 2777 circumadjacentem
2002 2695 2286 2775 agrum
2317 2663 2872 2764 reddiderunt,
2890 2664 3113 2776 quod
3132 2667 3360 2776 quasi
3387 2693 3662 2744 omnes
3686 2665 3974 2759 accole,

1048 2834 1059 2839 ·
1181 2805 1320 2913 qui
1374 2831 1621 2913 opere
1666 2806 1956 2913 agresti
2014 2800 2549 2907 intendebant
2576 2865 2596 2901 ,
2651 2801 2925 2912 pavidi
2966 2801 3067 2882 de
3105 2801 3512 2883 suburbiis
3569 2829 3748 2880 cum
3800 2828 3978 2909 gre·-

1183 2939 1416 3047 gibus
1445 2958 1525 3021 et
1552 2944 1973 3040 armentis,
2019 2939 2295 3022 abdita
2343 2940 2513 3020 loca
2557 2941 2768 3020 inter
2808 2940 3051 3020 filices
3104 2938 3574 3036 insularum,
3607 2936 3729 3018 vel
3755 2936 3979 3018 villas

1184 3096 1533 3158 muratas
1593 3096 1953 3188 petentes
1982 3139 2001 3174 ,
2062 3077 2436 3185 fugerent
2500 3076 2713 3156 velut
2771 3106 2816 3154 a
2883 3076 3085 3155 facie
3148 3075 3673 3182 Anglicorum
3708 3139 3727 3174 ,
3797 3105 3978 3156 cum

1162 3242 1367 3310 ¹vere
1413 3214 1713 3296 eisdem
1760 3204 2058 3294 similes
2113 3230 2376 3293 essent
2395 3275 2414 3312 ‚
2475 3208 2934 3291 homicidiis
2990 3208 3381 3291 duntaxat
3434 3240 3525 3291 ac
3589 3211 3980 3293 incendiis

1188 3352 1566 3458 exceptis.
1615 3352 1821 3430 Nam
1883 3350 2248 3459 plurimi,
2297 3377 2465 3460 non
2512 3345 2759 3428 modo
2818 3348 3106 3456 spretis
3155 3345 3294 3428 sed
3341 3347 3653 3439 violatis
3705 3350 3980 3458 hospi-

1188 3484 1513 3565 talitatis
1538 3485 1870 3593 legibus,
1896 3504 1975 3564 et
1998 3484 2457 3591 hospitibus
2484 3485 2867 3594 spoliatis,
2897 3503 3233 3593 urgente
3279 3485 3477 3565 lucri
3519 3482 3940 3568 dulcedine
3961 3548 3980 3578 ,

1192 3623 1345 3700 huc
1396 3621 1738 3733 illucque
1792 3620 2218 3701 domorum
2268 3621 2706 3728 penetralia
2756 3620 3299 3730 effringebant
3316 3685 3336 3721 ,
3390 3651 3536 3702 nec
3585 3619 3982 3732 predandi

1191 3755 1591 3869 quidquid
1653 3757 1947 3838 auferri
2015 3775 2331 3867 poterat
2392 3757 2638 3839 finem
2686 3758 2844 3839 sibi
2902 3757 3295 3868 cupiditas
3358 3760 3723 3840 faciebat.
3782 3758 3982 3850 Alii,

1193 3894 1344 3973 alia
1406 3876 1954 4004 ‘excogitantes
2016 3896 2311 3976 scelera
2338 3957 2358 3994 ,
2435 3896 3019 3976 mercatoribus
3091 3894 3720 3977 adversabantur
3743 3956 3766 3989 ,
3845 3897 3985 4005 qui

1195 4060 1532 4130 merces,
1595 4033 1717 4113 vel
1771 4036 2234 4144 peregrinas
2288 4034 2409 4113 vel
2457 4062 2955 4130 communeS,
3000 4030 3102 4112 ad
3161 4032 3426 4111 villam
3464 4032 3984 4111 Parisiensem

1194 4170 1395 4248 lucri
1447 4168 1794 4249 ‘faciendi
1849 4173 2111 4278 gracia
2170 4170 2667 4268 inferebant3
2721 4187 2801 4250 et
2859 4173 2926 4250 si
2971 4198 3176 4282 quos
3237 4199 3332 4249 ex
3384 4168 3785 4248 ruralibus
3849 4188 3987 4248 aut

1162 4306 1507 4386 ‚civibus
1558 4308 1840 4388 haberi
1893 4308 2179 4388 obvios
2230 4309 2736 4415 contigisset,
2796 4309 2990 4414 ipsis
3045 4306 3226 4385 ilico
3279 4304 3671 4414 spoliatis,
3720 4306 3826 4386 ab
3878 4310 3988 4384 eis

1199 4446 1560 4554 ingentes
1638 4445 2015 4555 pecunias
2086 4444 2718 4557 extorquebant,
2793 4440 3174 4522 addentes
3246 4439 3468 4553 quod
3537 4443 3620 4520 in
3689 4441 3989 4521 laboris

1199 4585 1931 4663 remuneracionem
1970 4599 2050 4661 et
2095 4581 2582 4662 refusionem
2629 4606 3164 4687 expensarum
3210 4580 3324 4659 eis
3373 4579 3561 4659 talia
3612 4578 3984 4658 licebant.

1199 4716 1553 4818 Quidam
1580 4720 1831 4798 eciam
1865 4719 1977 4798 ob
2004 4719 2195 4798 alias
2233 4718 2664 4829 spoliatum
2704 4715 2966 4797 natale
2991 4715 3256 4797 solum
3287 4719 3372 4797 in
3405 4717 3752 4798 alienum
3786 4717 3990 4795 vices

1198 4852 1535 4962 dignum
1594 4853 2000 4937 ducebant
2064 4853 2540 4965 rependere,
2605 4873 2689 4936 et
2749 4853 3182 4966 quosdam,
3261 4856 3507 4965 pestis
3578 4853 3990 4933 familiaris
