4666 6014
1056 689 1151 770 47
1156 697 1201 766 6
1519 685 2204 763 CHRONICORUM
2252 685 2609 761 KAROLI
2658 688 2944 791 SEXT1
2994 690 3171 762 LIB.
3226 689 3416 765 VIII.

1060 844 1302 953 digne
1334 815 1708 922 facientes
1728 902 1747 940 ,
1804 867 1986 920 eum
2020 838 2179 920 sibi
2220 835 2652 920 redderent
2695 838 3163 947 placabilem
3215 840 3355 951 qui
3409 841 3848 949 peccatoris

1061 1012 1229 1063 non
1285 979 1455 1062 vult
1496 997 1840 1059 mortem
1861 1039 1881 1076 ‚
1935 974 2074 1057 sed
2121 995 2214 1057 ut
2263 966 2516 1084 magis
2557 994 3071 1058 convertatur
3111 995 3192 1057 et
3229 978 3467 1059 vivat.
3515 976 3843 1059 Consti-

1062 1137 1397 1201 tuuntur
1452 1119 1701 1198 eciam
1741 1146 1786 1196 a
1825 1115 2154 1225 prelatis
2191 1113 2484 1194 letanie
2530 1115 2834 1227 ubique
2873 1113 3385 1214 celebrande,
3420 1116 3505 1195 in
3543 1114 3842 1227 quibus

975 1363 1004 1384 .
1064 1287 1338 1340 omnes
1398 1255 1815 1367 utriusque
1888 1270 2138 1334 status
2203 1253 2521 1333 veniam
2592 1253 2711 1333 ire
2774 1252 3095 1368 celestis·
3161 1251 3562 1365 finemque
3636 1253 3843 1361 pesti

959 1432 998 1449 ··
1063 1411 1604 1507 exposcerent.
1643 1392 1932 1504 Sicque
1959 1393 2210 1488 Dem,
2244 1388 2685 1471 lacrimosis
2720 1389 3029 1472 Christi
3073 1387 3435 1470 fidelium
3472 1389 3847 1502 precibus

1064 1536 1501 1645 gratuitum
1549 1527 2023 1640 impendens
2064 1555 2504 1628 assensum,
2564 1525 2891 1608 tandem
2930 1529 3149 1608 misit
3208 1528 3321 1607 eis
3360 1524 3851 1608 consolacio-

1066 1700 1252 1752 nem
1294 1670 1395 1751 de
1430 1666 1616 1750 sede
1658 1668 2086 1778 majestatis
2124 1693 2262 1769 sue
2280 1727 2299 1765 ,
2343 1666 2832 1778 majorisque
2859 1683 3087 1775 parte
3119 1666 3307 1748 anni
3336 1667 3849 1763 circumacta,

1067 1836 1407 1918 corpora
1435 1806 1880 1888 salubriora
1911 1832 2078 1886 esse
2107 1805 2609 1913 inceperunt.

2024 2030 2689 2171 cAPrrULUM
2757 2091 2883 2167 11.

1821 2302 2101 2365 Normani
2131 2315 2332 2364 contra
2363 2303 2631 2386 Anglicos
2657 2313 3086 2385 pugnaverunt.

1183 2512 1386 2592 Cum
1419 2537 1689 2601 mense
1718 2536 1952 2617 mayo
1990 2537 2180 2590 aure
2204 2509 2434 2593 favor
2472 2508 2851 2620 optabilis
2885 2537 3358 2620 prosperam
3399 2508 3852 2620 navigacio-

1072 2677 1255 2729 nem
1299 2647 1665 2744 offerret,
1706 2674 1807 2726 ex
1847 2646 2277 2746 Herifolio,
2326 2664 2573 2756 portu
2600 2646 2911 2727 'famoso
2943 2648 3420 2747 Normanie,
3470 2644 3859 2758 quadrin-

1077 2779 1293 2896 genti
1328 2814 1428 2865 ex
1476 2781 1905 2892 oppidanis
1929 2843 1949 2880 ,
1996 2783 2138 2894 qui
2176 2783 2705 2891 periculosam
2741 2785 3162 2893 piraticam
3189 2782 3501 2865 assidue
3541 2811 3857 2865 exerce-

1075 2923 1273 3003 bant
1313 2921 1778 3001 lucricausa
1800 2979 1820 3017 ,
1865 2918 2057 2998 velis
2094 2919 2730 3031 equora·sulcare
2771 2931 3243 3025 statuenteS,
3285 2920 3679 3029 AngliciS,
3720 2924 3861 3035 qui

1078 3085 1313 3140 naves
1345 3057 1784 3138 institorias
1814 3058 2353 3138 mercimoniis
2382 3059 2732 3137 munitas
2762 3054 3360 3158 conducebant,
3397 3059 3851 3140 obviarunt.

1077 3199 1265 3279 Mox
1299 3197 1400 3277 a'd
1431 3214 1945 3306 conspectum
1973 3214 2341 3309 mutuum
2369 3196 2752 3308 utrinque
2782 3177 3324 3305 ingeminatur
3352 3196 3453 3280 ad
3487 3216 3854 3297 mortem,

1078 3354 1159 3416 et
1188 3336 1474 3445 spretis
1524 3335 2041 3414 humanitatis
2070 3333 2381 3442 legibus
2403 3395 2424 3432 ,
2454 3350 2836 3446 tanquam
2851 3325 2950 3413 'in
2977 3333 3184 3414 feras
3214 3336 3820 3416 immanissimas
3840 3397 3859 3435 ,

1081 3470 1552 3554 ardentibus
1591 3471 1877 3553 studiis
1917 3489 1998 3551 et
2033 3470 2223 3552 odio
2261 3471 2731 3579 inexpiabili
2768 3473 3150 3584 utrinque
3182 3470 3672 3553 decertatum
3700 3490 3857 3573 est3

1082 3609 1218 3692 sed
1275 3639 1443 3691 non
1503 3608 1667 3690 diu.
1739 3610 1946 3735 Nam
1989 3637 2168 3689 cum
2217 3608 2586 3691 hostibus
2643 3610 2971 3691 missilia
3018 3610 3287 3689 omnia
3346 3608 3817 3690 defecissent
3839 3671 3860 3709 ,

1085 3749 1346 3828 omnis
1387 3749 1642 3830 virtus
1680 3774 1960 3827 eorum
1998 3747 2382 3826 emarcuit
2404 3809 2424 3846 ,
2479 3765 2559 3827 et
2598 3748 2867 3827 animo
2920 3746 3447 3845 consternati,
3490 3744 3853 3827 ducentis
3990 3736 4031 3769 '⁵

1085 3913 1179 3966 ex
1231 3888 1424 3994 ipsis
1465 3883 1752 3994 gladiis
1799 3887 2298 3994 interemptis
2336 3902 2473 3965 aut
2513 3884 2979 3984 submersiS‚
3045 3883 3148 3966 ad
3189 3883 3694 3965 dedicionem
3724 3884 3859 3966 ire·

1085 4041 1403 4103 nerunt.
1463 4024 1559 4102 ln
1614 4024 1809 4132 ipsis
1866 4024 2243 4124 navibuS,
2308 4052 2488 4104 cum
2539 4022 3015 4104 victualibus
3054 4025 3320 4104 omnis
3369 4023 3718 4131 generis,
3777 4027 3865 4106 in

1083 4190 1279 4241 auro
1305 4223 1324 4261 ,
1377 4180 1710 4270 argento
1750 4181 1829 4242 et
1871 4163 2276 4243 olosericis
2326 4180 2452 4243 tot
2496 4180 2577 4242 et
2616 4179 2837 4242 tante
2874 4179 3185 4272 reperte
3223 4179 3412 4242 sunt
3442 4162 3708 4270 copie,
3771 4180 3862 4241 ut

1086 4328 1364 4381 omnes
1417 4300 1604 4382 facti
1651 4318 1838 4411 sunt
1886 4300 2314 4410 locupletes
2367 4332 2384 4381 t
2429 4299 2645 4381 unde
2691 4319 2770 4381 et
2820 4298 3041 4413 quod
3087 4297 3395 4405 diviciis
3442 4297 3862 4381 affluenter

1085 4440 1336 4518 eciam
1365 4466 1614 4551 usque
1641 4437 1743 4521 ad
1776 4468 2149 4521 nauseam
2180 4435 2747 4520 habundarent
2766 4501 2785 4539 ,
2827 4437 2966 4519 diu
2996 4436 3513 4549 postmodum
3536 4437 3622 4517 in
3649 4453 3861 4517 statu

997 4571 1004 4578 ’
1081 4591 1163 4654 et
1186 4574 2036 4685 habitibus-pomposis
2066 4574 2624 4676 ostenderunt,
2656 4577 2742 4658 in
2768 4576 3061 4689 quibus
3085 4595 3391 4661 ceteros
3416 4573 3862 4683 regnicolas

1080 4715 1592 4797 excedebant.
1627 4714 1879 4796 Preda
1908 4718 2154 4826 igitur
2179 4716 2428 4799 divisa
2450 4736 2530 4800 et
2552 4720 3059 4799 incarceratis
3083 4718 3437 4828 captiviS,
3467 4732 3559 4795 ut
3581 4716 3864 4825 jugum
4002 4818 4009 4825 Ι

1082 4850 1662 4962 redempcionis
1694 4854 2058 4935 subirent
2082 4916 2101 4954 ,
2133 4883 2414 4937 eorum
2450 4859 2988 4967 capitaneum,
3021 4853 3445 4970 quemdam
3469 4854 3858 4962 insignem
