4666 6014
1109 584 1250 656 616
1581 581 2258 655 CHRONICORUM
2310 577 2665 655 KAROLI
2717 581 3000 654 SEXTI
3051 581 3227 655 LIB.
3282 583 3386 657 X.

1110 732 1209 812 de
1250 732 1486 841 regiis
1517 731 2064 813 exactionibus
2107 732 2407 842 populo
2453 733 2964 813 relaxaretur.
3010 733 3360 813 Eventus
3398 749 3664 814 tamen
3702 735 3888 815 sub-

1111 857 1444 980 sequens
1492 896 1712 978 spem
1760 867 2013 947 elusit.
2063 870 2269 949 Nam
2313 899 2454 950 rex
2512 868 2610 950 de
2659 870 3005 950 Parisius
3060 867 3470 967 recedenS,
3519 870 3701 949 ilico
3755 900 3885 979 ga-

1108 1006 1282 1086 bela
1334 1005 1517 1086 salis
1564 1008 2036 1086 auctoritate
2084 1009 2332 1113 ipsius
2381 1008 2619 1088 solito
2666 1008 2926 1086 carior
2980 1006 3541 1115 proclamatur,
3617 1036 3889 1088 cursus

1107 1146 1356 1223 eciam
1392 1161 1709 1224 monete
1759 1161 2131 1251 argentee
2169 1141 2595 1224 duodecim
2634 1142 3150 1225 denariorum
3203 1162 3281 1224 et
3316 1163 3688 1257 quatuor,
3749 1149 3886 1258 qui

1108 1311 1153 1358 a
1214 1298 1573 1389 tempore
1624 1281 1904 1360 Karoli
1970 1280 2252 1359 ultimo
2308 1279 2666 1361 defuncti
2736 1280 2839 1396 ad
2892 1312 3124 1362 usum
3187 1311 3455 1363 rerum
3494 1283 3889 1363 venalium

1105 1419 1514 1529 hucusque
1580 1420 2086 1502 continuatus
2146 1418 2444 1516 fuerat,
2509 1418 2660 1498 sub
2701 1420 3018 1531 capitali
3081 1449 3284 1529 pena
3343 1420 3642 1530 ubique
3699 1448 3889 1500 voce

1107 1558 1490 1663 preconia
1532 1556 2033 1664 prohibetur.
2081 1557 2183 1634 Et
2227 1584 2498 1636 revera
2557 1556 2642 1636 id
2700 1558 2784 1636 in
2842 1586 3279 1668 pauperum
3329 1575 3410 1636 et
3453 1541 3885 1665 egenorum

1107 1690 1642 1802 prejudicium
1675 1710 2085 1801 peractum
2118 1710 2270 1792 est,
2310 1694 2495 1805 quia
2523 1694 2689 1773 fere
2726 1723 2872 1804 per
2909 1694 3398 1807 quindenam
3430 1693 3888 1774 deffuerunt
3929 1672 3934 1676 ⁹

1108 1832 1248 1936 qui
1286 1831 1478 1938 ipsis
1517 1830 2050 1909 esurientibus
2086 1846 2166 1909 et
2206 1828 2447 1911 nudis
2477 1848 2816 1939 propter
2852 1834 3306 1940 peccuniam
3345 1831 3561 1916 illam
3589 1833 3886 1911 victum

1108 1967 1272 2044 sive
1337 1964 1806 2048 indumenta
1869 1967 2157 2046 vellent
2237 1968 2727 2064 ministrare,
2797 1970 2952 2049 nisi
3029 1968 3282 2049 multo
3346 1996 3527 2048 cum
3587 1969 3885 2048 minori

1104 2105 1373 2212 precio
1417 2131 1655 2224 quam
1692 2101 2046 2183 valuerat
2089 2101 2276 2184 data
2309 2121 2532 2186 esset.

2005 2385 2672 2472 CAPITULUM
2733 2391 2984 2472 VIII.

1942 2598 2068 2657 Rex
2114 2609 2331 2680 papam
2377 2600 2735 2660 Clementem
2775 2600 3051 2661 visitavit.

1221 2804 1804 2884 Coronacionis
1852 2804 2126 2910 regine
2178 2822 2503 2913 peracto
2558 2807 2953 2903 misterio,
3017 2834 3156 2885 rex
3209 2805 3662 2913 sponsionis
3721 2835 3886 2886 me-

1104 2968 1307 3040 mor,
1350 2968 1743 3021 summum
1785 2940 2287 3049 pontificem,
2328 2959 2420 3022 ut
2474 2945 2987 3052 promiserat,
3029 2940 3378 3024 decrevit
3417 2943 3768 3042 visitare,
3812 2962 3893 3023 et

1102 3106 1339 3185 super
1375 3078 1875 3191 profectione
1917 3079 2204 3157 iterum
2238 3078 2519 3159 habito
2561 3080 2896 3161 consilio
2918 3142 2937 3177 ,
2971 3099 3062 3160 ut
3091 3081 3258 3191 ejus
3294 3080 3893 3189 magnificencie

1105 3213 1417 3293 claritas
1456 3215 1704 3294 eciam
1735 3211 1952 3322 apud
1986 3208 2308 3294 exteros*
2339 3215 2915 3326 resplenderet,
2960 3218 3400 3327 insignium
3427 3218 3590 3327 jam
3624 3246 3895 3327 aggre-

1105 3369 1467 3458 gatorum
1536 3353 1891 3431 virorum
1962 3380 2129 3431 non
2209 3351 2608 3432 modicam
2675 3356 3128 3435 retinuerat
3177 3355 3662 3453 comitivam,
3740 3383 3892 3465 que

1110 3489 1516 3602 hucusque
1545 3491 1809 3598 ipsum
1841 3490 2174 3570 honeste
2214 3489 2703 3606 perduceret.

1214 3629 1665 3737 Antequam
1700 3645 1965 3706 tamen
1999 3628 2546 3736 accingeretur
2585 3626 2687 3709 ad
2725 3631 2903 3727 iter,
2938 3628 3430 3729 advenerunt
3455 3630 3894 3739 Aquitano-

1106 3792 1285 3843 rum
1324 3765 1636 3862 nuncii,
1681 3767 1822 3876 qui
1864 3767 2117 3874 petito
2153 3793 2419 3845 secum
2469 3768 2901 3861 secreciore
2954 3766 3355 3878 colloquio
3400 3785 3480 3846 et
3517 3767 3889 3864 obtento,

1108 3899 1334 3981 ducis
1378 3901 1679 3980 Biturie
1734 3903 2080 3981 immane
2116 3903 2402 4014 jugum
2433 3932 2531 3982 ac
2591 3903 2937 3986 flebilem
2977 3905 3233 4014 patrie
3278 3922 3573 4013 statum
3628 3906 3892 3985 verbis

1107 4036 1380 4116 multis
1428 4038 2014 4118 miserabilibus
2074 4037 2618 4149 deploranteS,
2688 4068 3015 4121 suorum
3080 4041 3538 4122 officialium
3601 4042 3895 4122 abusus

1102 4174 1416 4285 justicie
1475 4176 1846 4285 pandunt
1913 4205 2009 4257 ex
2078 4176 2399 4277 ordine,
2474 4197 2552 4258 et
2614 4181 3061 4259 exactiones
3125 4178 3695 4259 intollerabiles
3747 4206 3892 4258 suo

1110 4330 1469 4421 tempore
1511 4313 2031 4395 introductas.
2076 4312 2204 4394 Ad
2241 4313 2482 4427 pedes
2518 4317 2725 4423 regis
2775 4318 3061 4408 iterum
3102 4317 3543 4425 provoluti,
3585 4333 3665 4395 et
3706 4344 3894 4418 una-

1110 4451 1435 4529 nimiter
1462 4468 1785 4532 orantes
1824 4481 2008 4532 cum
2039 4453 2386 4533 lacrimis
2428 4472 2519 4533 ut
2549 4454 2653 4534 ab
2701 4454 2912 4533 illius
2953 4455 3377 4534 vexacione
3416 4483 3549 4534 eos
3584 4454 3896 4565 eripere

1109 4586 1602 4697 dignaretur,
1657 4567 1969 4674 addunt
2004 4593 2250 4675 nichil
2297 4594 2852 4702 compatriotis
2890 4611 3157 4703 preter
3209 4595 3473 4703 ipsum
3509 4595 3678 4703 spei
3715 4591 3897 4671 reli-

1106 4754 1387 4836 quum3
1424 4757 1582 4840 qua
1615 4731 1682 4808 si
1718 4729 2362 4830 destituerentur,
2392 4731 2822 4841 oportebat
2860 4749 2987 4830 ut,
3031 4729 3337 4811 deserta
3369 4732 3652 4841 patria,
3692 4755 3894 4839 quo-
