4666 6014
981 663 1124 747 280
1452 663 2137 741 cuRonORUM
2183 645 2544 741 mon
2594 666 2880 742 smm
2928 669 3107 744 un.
3160 669 3289 745 ιν.

983 854 1020 892 «
1063 846 1261 899 rere.
1291 816 1587 928 Utique
1618 817 1908 896 scimus
1937 815 2159 928 quod
2194 819 2364 926 regi
2396 835 2477 898 et
2506 818 2671 899 lilia
2696 816 3241 902 deferentibus
3272 850 3510 910 aurea
3551 852 3779 905 carus

982 991 1018 1029 «
1060 958 1195 1036 sis.
1248 955 1481 1034 Nosti
1534 971 1614 1034 et
1666 951 1889 1065 quod
1942 955 2302 1036 amicicia
2357 955 2445 1035 in
2498 952 3113 1036 adversitatibus
3174 960 3774 1065 comprobatur.

980 1127 1016 1165 ‹<
1061 1094 1541 1200 Prosperum
1584 1090 1834 1199 igitur
1875 1092 2076 1174 fiat
2056 1122 2140 1171 m
2176 1120 2316 1172 ore
2360 1110 2503 1172 tuo
2534 1091 2911 1191 verbum;
2955 1092 3023 1171 si
3057 1091 3257 1224 quid
3290 1095 3610 1202 pietatis
3643 1097 3785 1206 hav

982 1266 1016 1304 <c
1039 1229 1253 1327 beS,
1310 1257 1463 1338 pro
1510 1223 2096 1311 deliberacione
2144 1248 2429 1312 nostra
2480 1230 2797 1314 labores
2848 1258 3002 1340 pro
3044 1229 3351 1311 viribus
3408 1260 3594 1341 erga
3650 1261 3776 1314 re-

979 1404 1014 1442 «
1057 1395 1274 1477 gem,
1319 1384 1400 1447 et
1434 1366 1588 1446 tibi
1615 1369 2126 1486 promitimus
2157 1367 2381 1482 quod
2417 1398 2463 1452 a
2492 1369 2651 1449 tuis
2682 1369 3090 1481 obsequiis
3120 1367 3339 1450 nulla
3366 1368 3570 1470 dies,
3608 1372 3779 1451 nul·

977 1542 1014 1581 «
1054 1507 1176 1587 lus
1224 1534 1448 1586 casus
1469 1568 1488 1604 ,
1533 1508 1622 1590 in
1660 1525 2139 1616 perpetuum
2180 1535 2332 1587 nos
2380 1506 2661 1587 avellet
2694 1537 2716 1606 ;
2768 1525 2849 1588 et
2893 1504 3091 1619 quid
3144 1506 3298 1588 tibi
3339 1536 3582 1618 super
3622 1509 3780 1592 hoc

975 1679 1012 1718 α
1051 1674 1278 1725 mens
1335 1662 1741 1754 suggerat,
1801 1645 2224 1754 magnifice
2262 1646 2673 1757 princeps,
2721 1617 3137 1764 notificare
3193 1646 3431 1727 nobis
3475 1648 3692 1730 velis.
3737 1685 3777 1724 »

1088 1785 1165 1864 Is
1182 1846 1201 1880 ,
1245 1785 1374 1863 cui
1436 1782 1699 1884 adhuc
1728 1783 2071 1864 scintilla
2130 1782 2506 1866 cordialis
2567 1785 2926 1865 amicicie
2989 1811 3177 1894 erga
3235 1803 3547 1870 veteres
3592 1815 3781 1868 con·-

971 1919 1281 2002 sodales
1336 1921 1658 2031 vigebat
1687 1984 1705 2020 ,
1745 1921 1969 2033 quod
2009 1922 2453 2032 poscebant
2510 1949 2692 2004 cum
2753 1923 3213 2034 juramento
3261 1926 3548 2005 annuit
3584 1943 3785 2034 pro-,c

972 2087 1303 2159 curare3
1357 2060 1785 2173 verbisque
1854 2059 2061 2141 facta
2126 2061 2457 2171 cupiens
2532 2088 3050 2170 compensare
3079 2124 3097 2159 ,
3178 2089 3356 2141 cum
3430 2055 3777 2173 quadam

969 2197 1099 2278 die
1152 2227 1294 2279 rex
1347 2226 1588 2318 super
1634 2195 1964 2307 agendis
2016 2199 2256 2280 rebus
2295 2199 2708 2309 principes
2764 2207 3203 2298 evocasset,
3253 2216 3334 2281 et
3385 2201 3579 2308 ipsi,
3633 2204 3774 2312 qui

968 2339 1391 2445 potencior
1436 2338 1753 2434 ceteris,
1809 2336 2113 2416 secluso
2154 2339 2381 2443 regio
2432 2337 2855 2445 sanguine,
2902 2354 2984 2415 et
3034 2336 3397 2417 -sanioris
3461 2335 3781 2418 consilii

969 2457 1476 2573 credebatur,
1529 2471 1851 2555 dicendi
1911 2501 2067 2586 que
2110 2472 2346 2556 vellet
2407 2471 2594 2553 data
2641 2491 2846 2554 esset
2900 2473 3267 2574 licencia,
3298 2475 3471 2570 ,sub
3507 2475 3775 2558 verbis

969 2614 1329 2720 pacificis
1384 2615 1473 2692 in
1528 2611 1716 2692 dolo
1747 2614 1888 2716 csic
1945 2610 2048 2691 dd
2111 2607 2628 2722 propositum
2687 2611 3012 2725 loqutus
3064 2630 3238 2694 est:

1083 2785 1118 2824 «
1163 2750 1836 2848 Excellentissime
1892 2751 2312 2860 princepe,
2378 2752 2449 2831 si
2508 2778 2781 2830 rerum
2837 2766 3242 2859 gestarum
3292 2752 3534 2831 series
3577 2752 3774 2832 rele-

969 2924 1005 2961 «
1045 2907 1307 2997 gatur,
1366 2889 1729 2996 profecto
1781 2915 2009 2998 reges
2053 2885 2393 2969 Francie
2446 2916 2628 2969 cum
2668 2890 3147 3000 prepotenti
3187 2886 3516 2968 dextera
3565 2892 3776 2998 peri-

968 3062 1005 3101 (ι
1048 3027 1221 3108 cula
1256 3026 1532 3136 agredi
1582 3027 1787 3108 fama
1849 3024 2138 3137 prisca',
2166 3027 2585 3109 inolevisse
2628 3020 2919 3139 ‘recolit
2952 3057 2991 3126 3-
3045 3056 3394 3139 quorum
3446 3050 3778 3136 genero-

967 3201 1004 3238 «
1045 3167 1263 3267 sitati
1304 3166 1578 3274 gratis,
1598 3166 2106 3274 amplexibus
2147 3163 2606 3265 ‘inherendo
2633 3228 2652 3264 ,
2713 3194 2931 3245 nunc
2985 3166 3485 3246 auotoritate‘
3515 3184 3774 3246 vestra

967 3338 1002 3375 «
1045 3276 1528 3403 exercitum,
1590 3331 1830 3414 quem
1910 3302 2192 3411 procul
2267 3294 2520 3383 dubio
2591 3302 2936 3383 marcius
2996 3301 3268 3384 fervor
3292 3365 3311 3403 ,
3386 3300 3770 3388 diuturna

966 3477 1001 3515 «
1043 3440 1567 3540 exercitacio,
1642 3443 2003 3549 ingentes
2072 3439 2457 3520 laboriosi
2536 3440 2891 3550 spiritus
2942 3459 3021 3519 et
3088 3434 3420 3547 audacia
3490 3441 3769 3521 innata

963 3616 1000 3655 <c
1043 3580 1414 3661 hostibus
1456 3576 2053 3681 formidabilem
2089 3574 2478 3676 reddunt,
2512 3579 2925 3688 conspicio
2963 3577 3426 3658 adunatum.
3466 3577 3772 3687 Magni-

966 3754 1000 3791 «
1035 3718 1325 3818 ficum,
1376 3715 1599 3831 quod
1639 3713 2160 3826 agredimini,
2208 3732 2431 3813 certe,
2461 3713 2723 3796 dicam
2756 3734 2836 3797 et
2877 3718 3220 3825 regium,
3273 3713 3768 3799 adversarios

885 3948 898 3964 ο
964 3874 1003 3930 «ἐι
1044 3854 1444 3939 debellare
1461 3835 1890 3967 superbos.
1909 3851 2037 3935 Ad
2062 3851 2311 3963 quod,
2336 3871 2427 3934 et
2456 3855 2525 3933 si
2549 3856 2740 3935 satis
2782 3852 3322 4009 habundeque
3339 3855 3569 3934 vobis
3587 3883 3770 3983 sup-

964 4026 1000 4067 α
1032 3986 1313 4103 petant
1333 3994 1725 4103 legioneS,
1751 3991 1857 4073 ad
1884 4020 2159 4073 aurem
2181 4009 2451 4072 tamen
2474 3989 2746 4072 cordis
2770 3993 2924 4073 mei
2949 3992 3309 4104 loquitur
3333 3989 3533 4072 fides
3558 4021 3764 4089 mea,

964 4166 1002 4205 <c
1038 4133 1273 4211 vobis
1312 4134 1590 4243 utique
1622 4133 1941 4212 astricta
1970 4131 2468 4241 juramento,
2511 4147 2604 4210 ut
2634 4154 3154 4255 progressum
3206 4131 3523 4238 negocii
3557 4148 3766 4242 equo

964 4305 1001 4343 «
1039 4268 1466 4353 libramine
1515 4272 1941 4351 mecientes
1989 4264 2420 4349 attendatis
2477 4292 2655 4347 cum
2712 4284 3011 4379 quanta
3066 4264 3539 4348 difficultate
3578 4294 3769 4376 ,per-

967 4445 1003 4482 «
1040 4378 1522 4489 veniendum
1583 4408 1689 4488 sit
1754 4404 1858 4487 ad
1914 4404 2155 4487 finem
2221 4418 2760 4517 peroptatum.
2835 4404 3092 4486 Instat
3146 4406 3457 4547 hyemis
3522 4403 3765 4484 incle-

965 4584 1000 4621 «
1044 4549 1394 4647 mencia,
1423 4566 1666 4628 ¹tanta
1708 4546 2120 4656 ymbrium
2180 4546 2656 4667 intemperie
2718 4547 3302 4645 concomitata,
3363 4563 3456 4625 ut
3513 4543 3767 4622 cerni·

963 4723 1000 4765 <c
1041 4691 1185 4785 tis,
1228 4675 1451 4799 quod
1505 4703 1999 4766 armatorum
2051 4684 2415 4789 virorum
2473 4685 2921 4797 papiliones
2979 4688 3112 4779 vix
3146 4699 3489 4793 possunt
3541 4680 3764 4760 cohi-

963 4859 1000 4897 «
1043 4825 1231 4905 bere
1295 4821 1746 4937 stillicidia3
1802 4819 2018 4941 unde
2085 4839 2166 4900 et
2221 4824 2485 4912 victus
2553 4841 2634 4903 et
2700 4824 3056 4932 supellex
3130 4815 3598 4901 omnimoda
3663 4814 3763 4897 de
