<?xml version="1.0" encoding="UTF-8"?>
<!DOCTYPE html PUBLIC "-//W3C//DTD XHTML 1.0 Transitional//EN"
    "http://www.w3.org/TR/xhtml1/DTD/xhtml1-transitional.dtd">
<html xmlns="http://www.w3.org/1999/xhtml" xml:lang="en" lang="en">
 <head>
  <title>
</title>
<meta http-equiv="Content-Type" content="text/html;charset=utf-8" />
  <meta name='ocr-system' content='tesseract 3.04.00' />
  <meta name='ocr-capabilities' content='ocr_page ocr_carea ocr_par ocr_line ocrx_word'/>
</head>
<body>
  <div class='ocr_page' id='page_1' title='image "./chroniquedureli00frangoog_0536.png"; bbox 0 0 4666 6014; ppageno 0'>
   <div class='ocr_carea' id='block_1_1' title="bbox 1137 593 3450 732">
    <p class='ocr_par' dir='ltr' id='par_1_1' title="bbox 1137 593 3450 732">
     <span class='ocr_line' id='line_1_1' title="bbox 1137 593 3450 732; baseline -0.001 0"><span class='ocrx_word' id='word_1_1' title='bbox 1137 661 1281 732; x_wconf 68' lang='lat'>512</span> <span class='ocrx_word' id='word_1_2' title='bbox 1613 610 2295 729; x_wconf 67' lang='lat' dir='ltr'>cunomc‘oaum</span> <span class='ocrx_word' id='word_1_3' title='bbox 2339 653 2697 728; x_wconf 75' lang='lat' dir='ltr'>mou</span> <span class='ocrx_word' id='word_1_4' title='bbox 2745 593 3030 729; x_wconf 70' lang='lat' dir='ltr'>ssx‘ri</span> <span class='ocrx_word' id='word_1_5' title='bbox 3078 650 3258 732; x_wconf 79' lang='lat' dir='ltr'>un.</span> <span class='ocrx_word' id='word_1_6' title='bbox 3308 647 3450 730; x_wconf 76' lang='lat' dir='ltr'>ix.</span> 
     </span>
    </p>
   </div>
   <div class='ocr_carea' id='block_1_2' title="bbox 1132 797 3927 3658">
    <p class='ocr_par' dir='ltr' id='par_1_2' title="bbox 1132 797 3924 1191">
     <span class='ocr_line' id='line_1_2' title="bbox 1132 797 3924 919; baseline 0.001 -32"><span class='ocrx_word' id='word_1_7' title='bbox 1132 805 1405 887; x_wconf 81' lang='lat' dir='ltr'>multis</span> <span class='ocrx_word' id='word_1_8' title='bbox 1431 802 1714 885; x_wconf 88' lang='lat' dir='ltr'>mediis</span> <span class='ocrx_word' id='word_1_9' title='bbox 1743 805 1916 884; x_wconf 92' lang='lat' dir='ltr'>luce</span> <span class='ocrx_word' id='word_1_10' title='bbox 1945 805 2228 885; x_wconf 89' lang='lat' dir='ltr'>clarius</span> <span class='ocrx_word' id='word_1_11' title='bbox 2268 803 2988 906; x_wconf 69' lang='lat' dir='ltr'><strong>demonstrassent,</strong></span> <span class='ocrx_word' id='word_1_12' title='bbox 3033 804 3255 919; x_wconf 84' lang='lat' dir='ltr'>quod</span> <span class='ocrx_word' id='word_1_13' title='bbox 3292 797 3709 888; x_wconf 75' lang='lat' dir='ltr'>amborum</span> <span class='ocrx_word' id='word_1_14' title='bbox 3744 835 3924 918; x_wconf 86' lang='lat' dir='ltr'>par-</span> 
     </span>
     <span class='ocr_line' id='line_1_3' title="bbox 1133 940 3924 1056; baseline 0.001 -34"><span class='ocrx_word' id='word_1_15' title='bbox 1133 943 1486 1024; x_wconf 85' lang='lat' dir='ltr'>ticularis</span> <span class='ocrx_word' id='word_1_16' title='bbox 1531 940 1933 1022; x_wconf 82' lang='lat' dir='ltr'>discordia</span> <span class='ocrx_word' id='word_1_17' title='bbox 1979 972 2232 1051; x_wconf 86' lang='lat' dir='ltr'>regno</span> <span class='ocrx_word' id='word_1_18' title='bbox 2275 941 2762 1053; x_wconf 85' lang='lat' dir='ltr'>prejudicari</span> <span class='ocrx_word' id='word_1_19' title='bbox 2809 960 3164 1052; x_wconf 87' lang='lat' dir='ltr'>poterat,</span> <span class='ocrx_word' id='word_1_20' title='bbox 3207 962 3303 1028; x_wconf 81' lang='lat' dir='ltr'>et.</span> <span class='ocrx_word' id='word_1_21' title='bbox 3327 944 3696 1026; x_wconf 85' lang='lat' dir='ltr'>hostibus</span> <span class='ocrx_word' id='word_1_22' title='bbox 3738 975 3924 1056; x_wconf 84' lang='lat' dir='ltr'>aug-</span> 
     </span>
     <span class='ocr_line' id='line_1_4' title="bbox 1132 1078 2951 1191; baseline 0 -31"><span class='ocrx_word' id='word_1_23' title='bbox 1132 1097 1494 1160; x_wconf 84' lang='lat' dir='ltr'>mentare</span> <span class='ocrx_word' id='word_1_24' title='bbox 1529 1078 1943 1160; x_wconf 85' lang='lat' dir='ltr'>audaciam</span> <span class='ocrx_word' id='word_1_25' title='bbox 1980 1080 2218 1160; x_wconf 91' lang='lat' dir='ltr'>solito</span> <span class='ocrx_word' id='word_1_26' title='bbox 2259 1082 2439 1191; x_wconf 91' lang='lat' dir='ltr'>plus</span> <span class='ocrx_word' id='word_1_27' title='bbox 2479 1078 2858 1161; x_wconf 86' lang='lat' dir='ltr'>seviendi.</span> <span class='ocrx_word' id='word_1_28' title='bbox 2944 1083 2951 1090; x_wconf 79' lang='grc'><strong>’</strong></span> 
     </span>
    </p>

    <p class='ocr_par' dir='ltr' id='par_1_3' title="bbox 1132 1214 3927 3658">
     <span class='ocr_line' id='line_1_5' title="bbox 1244 1214 3923 1331; baseline 0.001 -34"><span class='ocrx_word' id='word_1_29' title='bbox 1244 1216 1375 1297; x_wconf 93' lang='lat' dir='ltr'>Sic</span> <span class='ocrx_word' id='word_1_30' title='bbox 1419 1217 1657 1298; x_wconf 90' lang='lat' dir='ltr'>rebus</span> <span class='ocrx_word' id='word_1_31' title='bbox 1704 1214 1805 1296; x_wconf 90' lang='lat' dir='ltr'>ad</span> <span class='ocrx_word' id='word_1_32' title='bbox 1853 1220 2468 1298; x_wconf 89' lang='lat' dir='ltr'>consonanciam</span> <span class='ocrx_word' id='word_1_33' title='bbox 2514 1217 2898 1318; x_wconf 88' lang='lat' dir='ltr'>reductis,</span> <span class='ocrx_word' id='word_1_34' title='bbox 2954 1248 3134 1299; x_wconf 90' lang='lat' dir='ltr'>cum</span> <span class='ocrx_word' id='word_1_35' title='bbox 3179 1236 3518 1331; x_wconf 87' lang='lat' dir='ltr'>uterque</span> <span class='ocrx_word' id='word_1_36' title='bbox 3559 1217 3663 1299; x_wconf 90' lang='lat' dir='ltr'>ad</span> <span class='ocrx_word' id='word_1_37' title='bbox 3713 1223 3923 1330; x_wconf 86' lang='lat' dir='ltr'>regis</span> 
     </span>
     <span class='ocr_line' id='line_1_6' title="bbox 1134 1353 3921 1463; baseline 0.001 -30"><span class='ocrx_word' id='word_1_38' title='bbox 1134 1358 1628 1463; x_wconf 85' lang='lat' dir='ltr'>presenciam</span> <span class='ocrx_word' id='word_1_39' title='bbox 1679 1357 2214 1454; x_wconf 87' lang='lat' dir='ltr'>convenisset,</span> <span class='ocrx_word' id='word_1_40' title='bbox 2265 1374 2345 1437; x_wconf 90' lang='lat' dir='ltr'>et</span> <span class='ocrx_word' id='word_1_41' title='bbox 2396 1374 2978 1438; x_wconf 86' lang='lat' dir='ltr'>sacramentum</span> <span class='ocrx_word' id='word_1_42' title='bbox 3029 1353 3376 1437; x_wconf 84' lang='lat' dir='ltr'>dedisset</span> <span class='ocrx_word' id='word_1_43' title='bbox 3427 1353 3527 1437; x_wconf 93' lang='lat' dir='ltr'>de</span> <span class='ocrx_word' id='word_1_44' title='bbox 3570 1354 3921 1437; x_wconf 89' lang='lat' dir='ltr'>tenendo</span> 
     </span>
     <span class='ocr_line' id='line_1_7' title="bbox 1132 1488 3923 1605; baseline 0.001 -35"><span class='ocrx_word' id='word_1_45' title='bbox 1132 1489 1529 1602; x_wconf 87' lang='lat' dir='ltr'>quidquid</span> <span class='ocrx_word' id='word_1_46' title='bbox 1575 1488 2086 1571; x_wconf 82' lang='lat' dir='ltr'>ordinaretur</span> <span class='ocrx_word' id='word_1_47' title='bbox 2126 1492 2231 1572; x_wconf 90' lang='lat' dir='ltr'>ab</span> <span class='ocrx_word' id='word_1_48' title='bbox 2270 1521 2366 1598; x_wconf 88' lang='lat' dir='ltr'>eo</span> <span class='ocrx_word' id='word_1_49' title='bbox 2388 1555 2407 1592; x_wconf 89' lang='lat'>,</span> <span class='ocrx_word' id='word_1_50' title='bbox 2443 1493 2617 1573; x_wconf 92' lang='lat' dir='ltr'>luce</span> <span class='ocrx_word' id='word_1_51' title='bbox 2655 1495 3060 1605; x_wconf 87' lang='lat' dir='ltr'>sequenti,</span> <span class='ocrx_word' id='word_1_52' title='bbox 3102 1493 3655 1575; x_wconf 81' lang='lat' dir='ltr'>assistentibus</span> <span class='ocrx_word' id='word_1_53' title='bbox 3694 1496 3923 1603; x_wconf 82' lang='lat' dir='ltr'>regni</span> 
     </span>
     <span class='ocr_line' id='line_1_8' title="bbox 1133 1613 3920 1738; baseline 0.001 -31"><span class='ocrx_word' id='word_1_54' title='bbox 1133 1629 1604 1737; x_wconf 87' lang='lat' dir='ltr'>proceribus</span> <span class='ocrx_word' id='word_1_55' title='bbox 1627 1690 1646 1727; x_wconf 92' lang='lat'>‚</span> <span class='ocrx_word' id='word_1_56' title='bbox 1690 1629 1777 1707; x_wconf 93' lang='lat' dir='ltr'>in</span> <span class='ocrx_word' id='word_1_57' title='bbox 1826 1627 2071 1709; x_wconf 81' lang='lat' dir='ltr'>domo</span> <span class='ocrx_word' id='word_1_58' title='bbox 2121 1613 2341 1738; x_wconf 82' lang='lat' dir='ltr'>regia</span> <span class='ocrx_word' id='word_1_59' title='bbox 2387 1632 2641 1710; x_wconf 89' lang='lat' dir='ltr'>sancti</span> <span class='ocrx_word' id='word_1_60' title='bbox 2684 1631 2947 1728; x_wconf 90' lang='lat' dir='ltr'>Pauli,</span> <span class='ocrx_word' id='word_1_61' title='bbox 2992 1629 3508 1711; x_wconf 87' lang='lat' dir='ltr'>cancellarius</span> <span class='ocrx_word' id='word_1_62' title='bbox 3547 1633 3920 1728; x_wconf 88' lang='lat' dir='ltr'>Francie,</span> 
     </span>
     <span class='ocr_line' id='line_1_9' title="bbox 1133 1765 3923 1880; baseline 0.001 -35"><span class='ocrx_word' id='word_1_63' title='bbox 1133 1765 1451 1875; x_wconf 88' lang='lat' dir='ltr'>publice</span> <span class='ocrx_word' id='word_1_64' title='bbox 1510 1765 1850 1875; x_wconf 88' lang='lat' dir='ltr'>protulit</span> <span class='ocrx_word' id='word_1_65' title='bbox 1911 1795 2071 1876; x_wconf 90' lang='lat' dir='ltr'>que</span> <span class='ocrx_word' id='word_1_66' title='bbox 2129 1783 2523 1879; x_wconf 87' lang='lat' dir='ltr'>sequntur</span> <span class='ocrx_word' id='word_1_67' title='bbox 2584 1798 2602 1846; x_wconf 78' lang='lat' dir='ltr'><strong><em>z</em></strong></span> <span class='ocrx_word' id='word_1_68' title='bbox 2663 1801 2702 1842; x_wconf 73' lang='grc' dir='ltr'><strong>α</strong></span> <span class='ocrx_word' id='word_1_69' title='bbox 2751 1770 3209 1848; x_wconf 86' lang='lat' dir='ltr'>Auctoritas</span> <span class='ocrx_word' id='word_1_70' title='bbox 3234 1830 3255 1867; x_wconf 90' lang='lat'>,</span> <span class='ocrx_word' id='word_1_71' title='bbox 3314 1770 3586 1880; x_wconf 84' lang='lat' dir='ltr'>inquit</span> <span class='ocrx_word' id='word_1_72' title='bbox 3608 1830 3629 1867; x_wconf 88' lang='lat'>,</span> <span class='ocrx_word' id='word_1_73' title='bbox 3708 1769 3923 1878; x_wconf 87' lang='lat' dir='ltr'>regie</span> 
     </span>
     <span class='ocr_line' id='line_1_10' title="bbox 1136 1897 3922 2013; baseline 0.002 -36"><span class='ocrx_word' id='word_1_74' title='bbox 1136 1935 1175 1977; x_wconf 72' lang='grc' dir='ltr'><strong>α</strong></span> <span class='ocrx_word' id='word_1_75' title='bbox 1215 1902 1648 2011; x_wconf 75' lang='lat' dir='ltr'>majestatis</span> <span class='ocrx_word' id='word_1_76' title='bbox 1669 1964 1689 2002; x_wconf 87' lang='lat'><strong>,</strong></span> <span class='ocrx_word' id='word_1_77' title='bbox 1737 1930 1832 1981; x_wconf 87' lang='lat' dir='ltr'>ex</span> <span class='ocrx_word' id='word_1_78' title='bbox 1872 1899 2462 1986; x_wconf 87' lang='lat' dir='ltr'>deliberacione</span> <span class='ocrx_word' id='word_1_79' title='bbox 2505 1901 2949 2011; x_wconf 85' lang='lat' dir='ltr'>procedens</span> <span class='ocrx_word' id='word_1_80' title='bbox 3006 1904 3433 1985; x_wconf 89' lang='lat' dir='ltr'>illustrium</span> <span class='ocrx_word' id='word_1_81' title='bbox 3476 1905 3711 2013; x_wconf 84' lang='lat' dir='ltr'>regni</span> <span class='ocrx_word' id='word_1_82' title='bbox 3758 1897 3922 2001; x_wconf 82' lang='lat' dir='ltr'>sui,</span> 
     </span>
     <span class='ocr_line' id='line_1_11' title="bbox 1137 2038 3923 2151; baseline 0.003 -39"><span class='ocrx_word' id='word_1_83' title='bbox 1137 2072 1175 2112; x_wconf 72' lang='lat' dir='ltr'>c&lt;</span> <span class='ocrx_word' id='word_1_84' title='bbox 1215 2066 1531 2118; x_wconf 86' lang='lat' dir='ltr'>causa-m</span> <span class='ocrx_word' id='word_1_85' title='bbox 1595 2041 1829 2119; x_wconf 86' lang='lat' dir='ltr'>istam</span> <span class='ocrx_word' id='word_1_86' title='bbox 1890 2040 2405 2118; x_wconf 80' lang='lat' dir='ltr'>criminosam</span> <span class='ocrx_word' id='word_1_87' title='bbox 2466 2038 2878 2151; x_wconf 85' lang='lat' dir='ltr'>hucusque</span> <span class='ocrx_word' id='word_1_88' title='bbox 2938 2057 3388 2149; x_wconf 88' lang='lat' dir='ltr'>reputatam</span> <span class='ocrx_word' id='word_1_89' title='bbox 3453 2040 3541 2119; x_wconf 89' lang='lat' dir='ltr'>in</span> <span class='ocrx_word' id='word_1_90' title='bbox 3612 2039 3923 2121; x_wconf 85' lang='lat' dir='ltr'>civilem</span> 
     </span>
     <span class='ocr_line' id='line_1_12' title="bbox 1136 2173 3924 2289; baseline 0.002 -39"><span class='ocrx_word' id='word_1_91' title='bbox 1136 2212 1173 2250; x_wconf 86' lang='lat'>«</span> <span class='ocrx_word' id='word_1_92' title='bbox 1213 2194 1565 2258; x_wconf 87' lang='lat' dir='ltr'>statuens</span> <span class='ocrx_word' id='word_1_93' title='bbox 1593 2193 2106 2274; x_wconf 89' lang='lat' dir='ltr'>commutare,</span> <span class='ocrx_word' id='word_1_94' title='bbox 2133 2173 2687 2285; x_wconf 90' lang='lat' dir='ltr'>principaliter</span> <span class='ocrx_word' id='word_1_95' title='bbox 2710 2173 3085 2274; x_wconf 82' lang='lat' dir='ltr'>decrevit,</span> <span class='ocrx_word' id='word_1_96' title='bbox 3111 2195 3206 2257; x_wconf 89' lang='lat' dir='ltr'>ut</span> <span class='ocrx_word' id='word_1_97' title='bbox 3227 2177 3523 2287; x_wconf 87' lang='lat' dir='ltr'>injurie</span> <span class='ocrx_word' id='word_1_98' title='bbox 3545 2179 3924 2289; x_wconf 90' lang='lat' dir='ltr'>utrinque</span> 
     </span>
     <span class='ocr_line' id='line_1_13' title="bbox 1134 2309 3923 2422; baseline 0.002 -34"><span class='ocrx_word' id='word_1_99' title='bbox 1134 2347 1173 2387; x_wconf 76' lang='lat' dir='ltr'>&lt;c</span> <span class='ocrx_word' id='word_1_100' title='bbox 1215 2312 1426 2393; x_wconf 87' lang='lat' dir='ltr'>illate</span> <span class='ocrx_word' id='word_1_101' title='bbox 1453 2311 1796 2393; x_wconf 89' lang='lat' dir='ltr'>dulciter</span> <span class='ocrx_word' id='word_1_102' title='bbox 1825 2314 2325 2411; x_wconf 83' lang='lat' dir='ltr'>remitentur‚</span> <span class='ocrx_word' id='word_1_103' title='bbox 2349 2331 2428 2392; x_wconf 91' lang='lat' dir='ltr'>et</span> <span class='ocrx_word' id='word_1_104' title='bbox 2446 2309 2819 2392; x_wconf 90' lang='lat' dir='ltr'>cordialis</span> <span class='ocrx_word' id='word_1_105' title='bbox 2845 2310 3036 2392; x_wconf 90' lang='lat' dir='ltr'>inde</span> <span class='ocrx_word' id='word_1_106' title='bbox 3059 2341 3349 2393; x_wconf 89' lang='lat' dir='ltr'>rancor</span> <span class='ocrx_word' id='word_1_107' title='bbox 3378 2315 3766 2393; x_wconf 84' lang='lat' dir='ltr'>excitatus</span> <span class='ocrx_word' id='word_1_108' title='bbox 3788 2342 3923 2422; x_wconf 91' lang='lat' dir='ltr'>pe-</span> 
     </span>
     <span class='ocr_line' id='line_1_14' title="bbox 1133 2437 3920 2564; baseline 0.001 -37"><span class='ocrx_word' id='word_1_109' title='bbox 1133 2483 1172 2524; x_wconf 77' lang='lat'>«</span> <span class='ocrx_word' id='word_1_110' title='bbox 1214 2451 1430 2529; x_wconf 89' lang='lat' dir='ltr'>nitus</span> <span class='ocrx_word' id='word_1_111' title='bbox 1459 2448 1931 2564; x_wconf 85' lang='lat' dir='ltr'>deponatur.</span> <span class='ocrx_word' id='word_1_112' title='bbox 1965 2437 2304 2560; x_wconf 77' lang='lat' dir='ltr'>Oppida</span> <span class='ocrx_word' id='word_1_113' title='bbox 2321 2478 2511 2532; x_wconf 86' lang='lat' dir='ltr'>vero</span> <span class='ocrx_word' id='word_1_114' title='bbox 2555 2448 2655 2529; x_wconf 89' lang='lat' dir='ltr'>de</span> <span class='ocrx_word' id='word_1_115' title='bbox 2679 2450 2965 2560; x_wconf 88' lang='lat' dir='ltr'>Ruppe</span> <span class='ocrx_word' id='word_1_116' title='bbox 2995 2451 3398 2547; x_wconf 86' lang='lat' dir='ltr'>Darriain,</span> <span class='ocrx_word' id='word_1_117' title='bbox 3429 2447 3529 2529; x_wconf 88' lang='lat' dir='ltr'>de</span> <span class='ocrx_word' id='word_1_118' title='bbox 3557 2449 3600 2527; x_wconf 86' lang='lat' dir='ltr'><strong>J</strong></span> <span class='ocrx_word' id='word_1_119' title='bbox 3604 2448 3920 2548; x_wconf 90' lang='lat' dir='ltr'>osselin,</span> 
     </span>
     <span class='ocr_line' id='line_1_15' title="bbox 1137 2584 3923 2697; baseline 0.003 -37"><span class='ocrx_word' id='word_1_120' title='bbox 1137 2621 1175 2660; x_wconf 89' lang='lat'>«</span> <span class='ocrx_word' id='word_1_121' title='bbox 1216 2585 1317 2666; x_wconf 91' lang='lat' dir='ltr'>de</span> <span class='ocrx_word' id='word_1_122' title='bbox 1350 2586 1952 2684; x_wconf 87' lang='lat' dir='ltr'>Montcontour‚</span> <span class='ocrx_word' id='word_1_123' title='bbox 1984 2614 2141 2697; x_wconf 84' lang='lat' dir='ltr'>que</span> <span class='ocrx_word' id='word_1_124' title='bbox 2164 2585 2331 2667; x_wconf 81' lang='lat' dir='ltr'>dux</span> <span class='ocrx_word' id='word_1_125' title='bbox 2363 2587 2520 2666; x_wconf 89' lang='lat' dir='ltr'>sibi</span> <span class='ocrx_word' id='word_1_126' title='bbox 2553 2588 2842 2665; x_wconf 86' lang='lat' dir='ltr'>nititur</span> <span class='ocrx_word' id='word_1_127' title='bbox 2863 2584 3310 2684; x_wconf 70' lang='lat' dir='ltr'>vendicare,</span> <span class='ocrx_word' id='word_1_128' title='bbox 3332 2614 3515 2665; x_wconf 91' lang='lat' dir='ltr'>cum</span> <span class='ocrx_word' id='word_1_129' title='bbox 3532 2586 3923 2667; x_wconf 88' lang='lat' dir='ltr'>thesauris</span> 
     </span>
     <span class='ocr_line' id='line_1_16' title="bbox 1136 2722 3923 2835; baseline 0.002 -36"><span class='ocrx_word' id='word_1_130' title='bbox 1136 2761 1176 2800; x_wconf 70' lang='grc' dir='ltr'>(ι</span> <span class='ocrx_word' id='word_1_131' title='bbox 1217 2727 1434 2805; x_wconf 86' lang='lat' dir='ltr'>intus</span> <span class='ocrx_word' id='word_1_132' title='bbox 1493 2728 1863 2835; x_wconf 89' lang='lat' dir='ltr'>repositis</span> <span class='ocrx_word' id='word_1_133' title='bbox 1937 2722 2214 2806; x_wconf 91' lang='lat' dir='ltr'>eadem</span> <span class='ocrx_word' id='word_1_134' title='bbox 2275 2727 2749 2805; x_wconf 88' lang='lat' dir='ltr'>auctoritate</span> <span class='ocrx_word' id='word_1_135' title='bbox 2799 2726 3322 2806; x_wconf 87' lang='lat' dir='ltr'>restituentur</span> <span class='ocrx_word' id='word_1_136' title='bbox 3358 2723 3741 2824; x_wconf 75' lang='lat' dir='ltr'>&#39;Oliver03</span> <span class='ocrx_word' id='word_1_137' title='bbox 3794 2727 3923 2805; x_wconf 84' lang='lat' dir='ltr'>cui</span> 
     </span>
     <span class='ocr_line' id='line_1_17' title="bbox 1136 2859 3925 2971; baseline 0.002 -37"><span class='ocrx_word' id='word_1_138' title='bbox 1136 2895 1173 2935; x_wconf 88' lang='lat'>«</span> <span class='ocrx_word' id='word_1_139' title='bbox 1214 2880 1294 2943; x_wconf 89' lang='lat' dir='ltr'>et</span> <span class='ocrx_word' id='word_1_140' title='bbox 1327 2859 1429 2941; x_wconf 89' lang='lat' dir='ltr'>ad</span> <span class='ocrx_word' id='word_1_141' title='bbox 1460 2859 1960 2941; x_wconf 84' lang='lat' dir='ltr'>resarcianda</span> <span class='ocrx_word' id='word_1_142' title='bbox 1977 2859 2336 2970; x_wconf 89' lang='lat' dir='ltr'>dampna</span> <span class='ocrx_word' id='word_1_143' title='bbox 2370 2861 2509 2941; x_wconf 89' lang='lat' dir='ltr'>lite</span> <span class='ocrx_word' id='word_1_144' title='bbox 2536 2859 2937 2971; x_wconf 89' lang='lat' dir='ltr'>pendente</span> <span class='ocrx_word' id='word_1_145' title='bbox 2964 2889 3336 2971; x_wconf 84' lang='lat' dir='ltr'>perpessa</span> <span class='ocrx_word' id='word_1_146' title='bbox 3361 2878 3683 2942; x_wconf 87' lang='lat' dir='ltr'>centum</span> <span class='ocrx_word' id='word_1_147' title='bbox 3710 2860 3925 2952; x_wconf 81' lang='lat' dir='ltr'>mille</span> 
     </span>
     <span class='ocr_line' id='line_1_18' title="bbox 1139 2996 3922 3111; baseline 0.003 -40"><span class='ocrx_word' id='word_1_148' title='bbox 1139 3033 1176 3072; x_wconf 78' lang='lat' dir='ltr'>&lt;c</span> <span class='ocrx_word' id='word_1_149' title='bbox 1215 2997 1536 3080; x_wconf 83' lang='lat' dir='ltr'>francos</span> <span class='ocrx_word' id='word_1_150' title='bbox 1563 3061 1582 3097; x_wconf 90' lang='lat'><strong>,</strong></span> <span class='ocrx_word' id='word_1_151' title='bbox 1629 2996 1846 3111; x_wconf 90' lang='lat' dir='ltr'>quod</span> <span class='ocrx_word' id='word_1_152' title='bbox 1883 3027 2130 3108; x_wconf 80' lang='lat' dir='ltr'>genus</span> <span class='ocrx_word' id='word_1_153' title='bbox 2182 3026 2610 3080; x_wconf 86' lang='lat' dir='ltr'>aureorum</span> <span class='ocrx_word' id='word_1_154' title='bbox 2654 3018 2850 3080; x_wconf 90' lang='lat' dir='ltr'>tunc</span> <span class='ocrx_word' id='word_1_155' title='bbox 2896 3001 2983 3079; x_wconf 93' lang='lat' dir='ltr'>in</span> <span class='ocrx_word' id='word_1_156' title='bbox 3034 2997 3380 3108; x_wconf 89' lang='lat' dir='ltr'>publicis</span> <span class='ocrx_word' id='word_1_157' title='bbox 3428 2999 3922 3080; x_wconf 87' lang='lat' dir='ltr'>commerciis</span> 
     </span>
     <span class='ocr_line' id='line_1_19' title="bbox 1140 3133 3925 3248; baseline 0.002 -39"><span class='ocrx_word' id='word_1_158' title='bbox 1140 3168 1180 3209; x_wconf 74' lang='grc' dir='ltr'><strong>α</strong></span> <span class='ocrx_word' id='word_1_159' title='bbox 1219 3151 1340 3214; x_wconf 90' lang='lat' dir='ltr'>est</span> <span class='ocrx_word' id='word_1_160' title='bbox 1396 3135 1703 3216; x_wconf 92' lang='lat' dir='ltr'>celebre</span> <span class='ocrx_word' id='word_1_161' title='bbox 1726 3195 1750 3231; x_wconf 89' lang='lat'><em>,</em></span> <span class='ocrx_word' id='word_1_162' title='bbox 1803 3133 1967 3216; x_wconf 85' lang='lat' dir='ltr'>dux</span> <span class='ocrx_word' id='word_1_163' title='bbox 2027 3137 2447 3246; x_wconf 89' lang='lat' dir='ltr'>persolvet.</span> <span class='ocrx_word' id='word_1_164' title='bbox 2492 3171 2531 3213; x_wconf 60' lang='grc' dir='ltr'>υ</span> <span class='ocrx_word' id='word_1_165' title='bbox 2592 3135 2725 3216; x_wconf 86' lang='lat' dir='ltr'>Sic</span> <span class='ocrx_word' id='word_1_166' title='bbox 2783 3136 3047 3216; x_wconf 89' lang='lat' dir='ltr'>soluto</span> <span class='ocrx_word' id='word_1_167' title='bbox 3104 3135 3504 3248; x_wconf 89' lang='lat' dir='ltr'>colloquio</span> <span class='ocrx_word' id='word_1_168' title='bbox 3532 3197 3553 3234; x_wconf 90' lang='lat'>,</span> <span class='ocrx_word' id='word_1_169' title='bbox 3611 3163 3794 3215; x_wconf 88' lang='lat' dir='ltr'>cum</span> <span class='ocrx_word' id='word_1_170' title='bbox 3845 3152 3925 3215; x_wconf 89' lang='lat' dir='ltr'>et</span> 
     </span>
     <span class='ocr_line' id='line_1_20' title="bbox 1135 3268 3924 3381; baseline 0.001 -31"><span class='ocrx_word' id='word_1_171' title='bbox 1135 3268 1505 3351; x_wconf 89' lang='lat' dir='ltr'>additum</span> <span class='ocrx_word' id='word_1_172' title='bbox 1536 3272 1813 3353; x_wconf 85' lang='lat' dir='ltr'>&#39;fuisset</span> <span class='ocrx_word' id='word_1_173' title='bbox 1839 3290 1930 3353; x_wconf 86' lang='lat' dir='ltr'>ut</span> <span class='ocrx_word' id='word_1_174' title='bbox 1960 3271 2150 3353; x_wconf 88' lang='lat' dir='ltr'>inde</span> <span class='ocrx_word' id='word_1_175' title='bbox 2188 3273 2452 3354; x_wconf 92' lang='lat' dir='ltr'>littere</span> <span class='ocrx_word' id='word_1_176' title='bbox 2479 3273 3071 3365; x_wconf 82' lang='lat' dir='ltr'>conficerentur</span> <span class='ocrx_word' id='word_1_177' title='bbox 3097 3273 3314 3381; x_wconf 86' lang='lat' dir='ltr'>regie</span> <span class='ocrx_word' id='word_1_178' title='bbox 3330 3333 3351 3371; x_wconf 94' lang='lat'>,</span> <span class='ocrx_word' id='word_1_179' title='bbox 3384 3301 3525 3352; x_wconf 89' lang='lat' dir='ltr'>rex</span> <span class='ocrx_word' id='word_1_180' title='bbox 3557 3272 3924 3380; x_wconf 88' lang='lat' dir='ltr'>partibus</span> 
     </span>
     <span class='ocr_line' id='line_1_21' title="bbox 1137 3405 3927 3523; baseline 0 -35"><span class='ocrx_word' id='word_1_181' title='bbox 1137 3408 1488 3489; x_wconf 90' lang='lat' dir='ltr'>solemne</span> <span class='ocrx_word' id='word_1_182' title='bbox 1523 3408 1956 3519; x_wconf 90' lang='lat' dir='ltr'>prandium</span> <span class='ocrx_word' id='word_1_183' title='bbox 1994 3409 2457 3509; x_wconf 84' lang='lat' dir='ltr'>celebravit3</span> <span class='ocrx_word' id='word_1_184' title='bbox 2492 3410 2787 3523; x_wconf 91' lang='lat' dir='ltr'>quibus</span> <span class='ocrx_word' id='word_1_185' title='bbox 2823 3428 3102 3520; x_wconf 90' lang='lat' dir='ltr'>postea</span> <span class='ocrx_word' id='word_1_186' title='bbox 3123 3405 3592 3507; x_wconf 85' lang='lat' dir='ltr'>valedicens,</span> <span class='ocrx_word' id='word_1_187' title='bbox 3632 3410 3927 3517; x_wconf 90' lang='lat' dir='ltr'>specia-</span> 
     </span>
     <span class='ocr_line' id='line_1_22' title="bbox 1139 3542 3898 3658; baseline 0.001 -36"><span class='ocrx_word' id='word_1_188' title='bbox 1139 3542 1322 3623; x_wconf 88' lang='lat' dir='ltr'>liter</span> <span class='ocrx_word' id='word_1_189' title='bbox 1353 3545 1709 3654; x_wconf 82' lang='lat' dir='ltr'>injunxit</span> <span class='ocrx_word' id='word_1_190' title='bbox 1755 3564 1847 3626; x_wconf 91' lang='lat' dir='ltr'>ut</span> <span class='ocrx_word' id='word_1_191' title='bbox 1876 3573 2231 3628; x_wconf 86' lang='lat' dir='ltr'>amorem</span> <span class='ocrx_word' id='word_1_192' title='bbox 2267 3548 2480 3627; x_wconf 90' lang='lat' dir='ltr'>inter</span> <span class='ocrx_word' id='word_1_193' title='bbox 2505 3575 2595 3628; x_wconf 86' lang='lat' dir='ltr'>se</span> <span class='ocrx_word' id='word_1_194' title='bbox 2643 3548 3211 3628; x_wconf 87' lang='lat' dir='ltr'>continuarent</span> <span class='ocrx_word' id='word_1_195' title='bbox 3247 3563 3636 3626; x_wconf 86' lang='lat' dir='ltr'>mutuum:</span> <span class='ocrx_word' id='word_1_196' title='bbox 3673 3542 3898 3658; x_wconf 86' lang='lat' dir='ltr'>quod</span> 
     </span>
    </p>
   </div>
   <div class='ocr_carea' id='block_1_3' title="bbox 1135 3682 3921 3899">
    <p class='ocr_par' dir='ltr' id='par_1_4' title="bbox 1135 3682 3921 3899">
     <span class='ocr_line' id='line_1_23' title="bbox 1135 3682 3921 3795; baseline 0 -35"><span class='ocrx_word' id='word_1_197' title='bbox 1135 3682 1589 3788; x_wconf 84' lang='lat' dir='ltr'>juramento</span> <span class='ocrx_word' id='word_1_198' title='bbox 1632 3683 1956 3792; x_wconf 90' lang='lat' dir='ltr'>publico</span> <span class='ocrx_word' id='word_1_199' title='bbox 1999 3686 2568 3792; x_wconf 85' lang='lat' dir='ltr'>promiserunt.</span> <span class='ocrx_word' id='word_1_200' title='bbox 2613 3682 2769 3764; x_wconf 88' lang='lat' dir='ltr'>Sed</span> <span class='ocrx_word' id='word_1_201' title='bbox 2809 3686 2898 3764; x_wconf 91' lang='lat' dir='ltr'>in</span> <span class='ocrx_word' id='word_1_202' title='bbox 2940 3712 3134 3795; x_wconf 90' lang='lat' dir='ltr'>pace</span> <span class='ocrx_word' id='word_1_203' title='bbox 3175 3682 3321 3764; x_wconf 91' lang='lat' dir='ltr'>diu</span> <span class='ocrx_word' id='word_1_204' title='bbox 3370 3683 3700 3763; x_wconf 86' lang='lat' dir='ltr'>minime</span> <span class='ocrx_word' id='word_1_205' title='bbox 3740 3708 3921 3788; x_wconf 90' lang='lat' dir='ltr'>per-</span> 
     </span>
     <span class='ocr_line' id='line_1_24' title="bbox 1145 3834 1628 3899; baseline 0.008 -5"><span class='ocrx_word' id='word_1_206' title='bbox 1145 3834 1628 3899; x_wconf 86' lang='lat' dir='ltr'>manserunt.</span> 
     </span>
    </p>
   </div>
   <div class='ocr_carea' id='block_1_4' title="bbox 2110 4052 3637 4151">
    <p class='ocr_par' dir='ltr' id='par_1_5' title="bbox 2110 4052 3637 4151">
     <span class='ocr_line' id='line_1_25' title="bbox 2110 4052 3637 4151; baseline 0 -3"><span class='ocrx_word' id='word_1_207' title='bbox 2110 4065 2767 4151; x_wconf 81' lang='lat' dir='ltr'>CAPITULUM</span> <span class='ocrx_word' id='word_1_208' title='bbox 2830 4068 2944 4147; x_wconf 89' lang='lat'>11.</span> <span class='ocrx_word' id='word_1_209' title='bbox 3603 4052 3637 4148; x_wconf 64' lang='lat'>³}</span> 
     </span>
    </p>
   </div>
   <div class='ocr_carea' id='block_1_5' title="bbox 1728 4299 3318 4365">
    <p class='ocr_par' dir='ltr' id='par_1_6' title="bbox 1728 4299 3318 4365">
     <span class='ocr_line' id='line_1_26' title="bbox 1728 4299 3318 4365; baseline 0.002 -6"><span class='ocrx_word' id='word_1_210' title='bbox 1728 4299 1817 4360; x_wconf 84' lang='lat' dir='ltr'>De</span> <span class='ocrx_word' id='word_1_211' title='bbox 1844 4299 2237 4363; x_wconf 70' lang='lat' dir='ltr'>universitate</span> <span class='ocrx_word' id='word_1_212' title='bbox 2268 4315 2467 4364; x_wconf 76' lang='lat' dir='ltr'>eontra</span> <span class='ocrx_word' id='word_1_213' title='bbox 2493 4301 2820 4365; x_wconf 67' lang='lat' dir='ltr'>,Iohannem</span> <span class='ocrx_word' id='word_1_214' title='bbox 2851 4301 2926 4363; x_wconf 81' lang='lat' dir='ltr'>de</span> <span class='ocrx_word' id='word_1_215' title='bbox 2953 4299 3318 4363; x_wconf 75' lang='lat' dir='ltr'>Montesono.</span> 
     </span>
    </p>
   </div>
   <div class='ocr_carea' id='block_1_6' title="bbox 1144 4525 3930 4905">
    <p class='ocr_par' dir='ltr' id='par_1_7' title="bbox 1144 4525 3930 4905">
     <span class='ocr_line' id='line_1_27' title="bbox 1262 4525 3927 4635; baseline 0.003 -31"><span class='ocrx_word' id='word_1_216' title='bbox 1262 4525 1821 4609; x_wconf 86' lang='lat' dir='ltr'>Hereticorum</span> <span class='ocrx_word' id='word_1_217' title='bbox 1875 4541 2215 4631; x_wconf 81' lang='lat' dir='ltr'>&#39;noverca</span> <span class='ocrx_word' id='word_1_218' title='bbox 2262 4534 2730 4635; x_wconf 80' lang='lat' dir='ltr'>Parisiensis</span> <span class='ocrx_word' id='word_1_219' title='bbox 2770 4532 3260 4613; x_wconf 84' lang='lat' dir='ltr'>Universitas</span> <span class='ocrx_word' id='word_1_220' title='bbox 3313 4527 3767 4612; x_wconf 83' lang='lat' dir='ltr'>veneranda</span> <span class='ocrx_word' id='word_1_221' title='bbox 3825 4527 3927 4611; x_wconf 89' lang='lat' dir='ltr'>ad</span> 
     </span>
     <span class='ocr_line' id='line_1_28' title="bbox 1146 4663 3930 4778; baseline 0.002 -35"><span class='ocrx_word' id='word_1_222' title='bbox 1146 4663 1770 4774; x_wconf 84' lang='lat' dir='ltr'>appellacionem</span> <span class='ocrx_word' id='word_1_223' title='bbox 1808 4670 2170 4776; x_wconf 84' lang='lat' dir='ltr'>magistri</span> <span class='ocrx_word' id='word_1_224' title='bbox 2211 4670 2601 4751; x_wconf 69' lang='lat' dir='ltr'>,Iohannis</span> <span class='ocrx_word' id='word_1_225' title='bbox 2643 4668 2744 4750; x_wconf 91' lang='lat' dir='ltr'>de</span> <span class='ocrx_word' id='word_1_226' title='bbox 2788 4669 3270 4751; x_wconf 87' lang='lat' dir='ltr'>Montesono</span> <span class='ocrx_word' id='word_1_227' title='bbox 3309 4663 3930 4778; x_wconf 84' lang='lat' dir='ltr'>improbandam</span> 
     </span>
     <span class='ocr_line' id='line_1_29' title="bbox 1144 4802 3923 4905; baseline 0.001 -25"><span class='ocrx_word' id='word_1_228' title='bbox 1144 4804 1570 4885; x_wconf 88' lang='lat' dir='ltr'>eminentis</span> <span class='ocrx_word' id='word_1_229' title='bbox 1595 4806 1940 4886; x_wconf 84' lang='lat' dir='ltr'>sciencie</span> <span class='ocrx_word' id='word_1_230' title='bbox 1960 4809 2176 4887; x_wconf 84' lang='lat' dir='ltr'>viros</span> <span class='ocrx_word' id='word_1_231' title='bbox 2205 4810 2495 4888; x_wconf 88' lang='lat' dir='ltr'>merito</span> <span class='ocrx_word' id='word_1_232' title='bbox 2527 4804 3091 4905; x_wconf 84' lang='lat' dir='ltr'>nominandos,</span> <span class='ocrx_word' id='word_1_233' title='bbox 3119 4806 3442 4887; x_wconf 81' lang='lat' dir='ltr'>Petrmn</span> <span class='ocrx_word' id='word_1_234' title='bbox 3465 4803 3567 4885; x_wconf 91' lang='lat' dir='ltr'>de</span> <span class='ocrx_word' id='word_1_235' title='bbox 3588 4802 3923 4900; x_wconf 85' lang='lat' dir='ltr'>Alliaoo,</span> 
     </span>
    </p>
   </div>
  </div>
 </body>
</html>
