4666 6014
1138 700 1281 770 532
1599 686 2282 762 CHRONICORUM
2332 683 2687 760 KAROLI
2737 683 3247 760 8ΕΧΤ1“Ῑ..ΙΒ.
3301 681 3436 758 lx.

1137 846 1364 950 rigor
1389 829 1576 920 duci
1615 835 1972 918 reddidit
2004 834 2509 940 obedientem
2545 835 2915 933 militem;
2958 835 3363 945 vincitque
3395 833 3761 914 voluntas
3786 864 3914 915 ar·

1140 978 1585 1059 dentissimi
1642 976 2031 1083 principis
2077 991 2159 1054 et
2197 973 2889 1086 obsequentissimi
2947 973 3338 1052 exercitus
3391 967 3737 1052 audacia.
3795 972 3918 1052 Ad

1137 1114 1486 1196 edictum
1525 1114 1834 1221 regium
1875 1113 2239 1219 oportuit
2265 1109 2721 1220 predictum
2757 1113 2910 1190 iter
2943 1138 3270 1220 carpere
3305 1128 3386 1190 et
3425 1110 3602 1190 loco
3643 1109 3920 1191 cedere

1133 1253 1507 1360 legiones,
1551 1251 2302 1329 prenominatorum
2337 1265 2600 1330 tamen
2643 1250 2941 1328 clamor
2972 1248 3385 1329 fructuoso
3421 1247 3713 1329 effectu
3752 1278 3918 1329 non

1137 1391 1424 1486 caruit3
1476 1385 1615 1469 sed
1647 1386 2147 1467 deliberandi
2185 1388 2681 1492 occasionem
2723 1385 2947 1467 dedit
2977 1388 3145 1496 regi
3175 1404 3255 1465 et
3286 1384 3663 1486 ducibuS,
3702 1415 3803 1467 ne
3834 1390 3920 1467 in

1139 1544 1513 1605 extranea
1551 1540 1629 1603 et
1674 1522 1999 1603 inimica
2042 1526 2339 1632 patria,
2379 1524 2464 1600 in
2504 1552 2662 1631 qua
2697 1520 3129 1604 solitudine
3177 1523 3431 1602 sterili
3479 1540 3557 1604 et
3599 1523 3839 1631 longe
3874 1553 3918 1603 a

1140 1663 1352 1742 culto
1400 1660 1570 1740 solo
1609 1675 1982 1767 poterant
2011 1660 2333 1764 agmina
2360 1651 2775 1753 constitui,
2815 1655 3385 1737 alimentorum
3406 1660 3924 1744 anxiarentur

1143 1798 1443 1904 inopia.
1509 1792 1665 1876 Sed
1715 1822 1814 1873 ex
1868 1793 2245 1874 omnibus
2296 1791 2877 1872 mercatoribus
2923 1809 3259 1899 propter
3323 1792 3481 1872 hoc
3526 1797 3924 1875 accersitis

1117 1934 1472 2014 unicum
1519 1931 2042 2009 Parisiensem
2087 1928 2460 2007 Colinum
2497 1925 2901 2007 Boullardi
2948 1945 3460 2035 repererunt,
3514 1932 3652 2039 qui
3702 1949 3923 2010 tante

1145 2067 1628 2175 provisionis
1686 2091 1955 2144 curam
2009 2064 2469 2172 susciperet.
2516 2064 2722 2144 Nam
2770 2091 2962 2142 mox
3009 2091 3191 2143 cum
3231 2082 3553 2144 centum
3598 2066 3920 2147 milibus

1146 2230 1571 2282 aureorum
1609 2204 1818 2280 circa
1849 2227 2125 2281 omnes
2164 2199 2505 2310 populos
2523 2261 2542 2296 ,
2575 2201 2713 2310 qui
2744 2199 3118 2279 Rhenum
3148 2199 3542 2298 accolunt,
3585 2200 3687 2280 ad
3724 2230 3916 2282 mer·

1148 2337 1494 2420 candum
1532 2365 1942 2417 annonam
1979 2338 2195 2416 viros
2231 2338 2487 2434 misit,
2529 2338 2669 2448 qui
2697 2336 3034 2416 nullibet
3065 2338 3463 2448 prohibiti
3494 2355 3684 2417 sunt
3710 2367 3922 2419 com-

1146 2477 1444 2555 mercio
1467 2537 1487 2572 ,
1518 2471 1658 2555 sed
1689 2473 1794 2553 ab
1833 2472 2208 2553 omnibus
2239 2471 2498 2584 adjuti
2528 2471 2636 2552 ob
2677 2474 3035 2581 mag-istri
3066 2474 3449 2554 noticiam
3471 2537 3490 2573 ,
3542 2478 3931 2554 maximos

1148 2629 1632 2691 commeatus
1678 2637 1988 2689 summo
2036 2628 2460 2689 nautarum
2498 2608 2766 2690 studio
2796 2637 2938 2718 per
2968 2638 3285 2691 amnem
3324 2608 3771 2720 predictum
3806 2640 3936 2692 us-

1150 2775 1304 2861 que
1395 2747 1886 2830 Brebantum
1955 2744 2463 2828 devexerunt.
2541 2744 2672 2828 Ad
2744 2748 3141 2828 civitatem
3223 2762 3487 2828 autem
3578 2745 3929 2828 Virduni

1150 2882 1642 2978 accedentes,
1675 2884 2066 2994 quoniam
2090 2911 2135 2964 a
2158 2881 2536 2964 fidelitate
2558 2886 2766 2992 regis
2797 2902 2878 2965 et
2905 2882 3183 2964 debito
3209 2885 3547 2965 servicio
3587 2882 3694 2963 ab
3731 2886 3939 2965 anti·

1152 3050 1315 3134 quo
1376 3021 1810 3102 desciverat
1827 3083 1846 3118 ,
1901 3050 2077 3101 eam
2140 3020 2513 3102 obsidere
2568 3021 3109 3103 decreverunt.
3177 3022 3334 3102 Sed
3396 3022 3933 3103 mediantibus

1011 3146 1020 3157 ⁹
1152 3156 1630 3269 quibusdam
1650 3157 2137 3265 francigenis
2150 3158 2565 3258 militibus,
2592 3161 2801 3239 cives
2819 3158 2919 3238 ad
2947 3157 3498 3239 obedienciam
3516 3156 3937 3238 redeuntes

1157 3322 1239 3374 se
1271 3290 1665 3405 quidquid
1699 3294 1867 3421 regi
1898 3292 2243 3404 placeret
2265 3295 2528 3374 facere
2554 3293 2928 3406 deinceps
2953 3292 3593 3407 spoponderunt.

2067 3559 2738 3643 CAPITULUM
2798 3563 2991 3644 Vll.

1968 3743 2096 3807 aa
2122 3746 2391 3809 comitem
2418 3745 2493 3807 de
2525 3745 2754 3811 haum
2783 3747 3131 3816 humiliavit.

1271 3970 1472 4053 Inde
1512 3972 1986 4055 bellatorum
2027 3978 2349 4084 agmina
2390 3975 2771 4059 Ardenne
2805 3977 3039 4061 silvas
3079 3997 3160 4058 et
3197 3985 3562 4088 patencia
3611 4012 3938 4067 nemora

1160 4138 1338 4189 cum
1391 4107 1860 4191 difficultate
1888 4110 2038 4192 sed-
2067 4113 2242 4194 sine
2277 4113 2511 4194 obice
2532 4133 3202 4214 transcurrentes,
3252 4146 3437 4198 cum
3475 4125 3941 4203 comitatum

1158 4243 1260 4325 de
1280 4244 1593 4327 Julliers
1632 4249 2112 4361 attigissent,
2158 4277 2302 4328 rex
2326 4252 2598 4330 comiti
2629 4250 3049 4363 quemdam
3080 4254 3509 4363 preconem
3536 4280 3941 4338 armorum

1162 4380 1625 4482 destinavit,
1668 4386 1808 4494 qui
1847 4382 2343 4466 diffidencias
2378 4385 2742 4468 deferret.
2788 4386 2913 4470 Ad
2947 4418 3186 4501 quem
3224 4386 3697 4473 festinanter
3732 4424 3944 4475 acce-

1091 4523 1098 4529 ’
1163 4517 1362 4599 dens
1382 4583 1401 4617 ,
1476 4523 1563 4600 in
1640 4522 2047 4630 presencia
2112 4522 2614 4607 Coloniensis
2692 4524 3275 4639 archiepiscopi
3344 4547 3424 4609 et
3503 4536 3941 4613 astancium

1163 4657 1508 4737 militum
1525 4717 1545 4755 ,
1602 4683 1804 4769 quos
1834 4679 2292 4740 evocaverat
2311 4722 2332 4759 ,
2377 4680 2469 4745 ut
2499 4691 2737 4774 super
2781 4666 3369 4775 emergentibus
3404 4669 3642 4753 rebus
3682 4672 3939 4753 tucius

1164 4791 1768 4895 deliberaretur,
1801 4796 2118 4907 regium
2149 4801 2268 4881 sic
2303 4802 2673 4909 exposuit
2716 4819 3175 4910 preceptum
3210 4835 3230 4882 ε
