<?xml version="1.0" encoding="UTF-8"?>
<!DOCTYPE html PUBLIC "-//W3C//DTD XHTML 1.0 Transitional//EN"
    "http://www.w3.org/TR/xhtml1/DTD/xhtml1-transitional.dtd">
<html xmlns="http://www.w3.org/1999/xhtml" xml:lang="en" lang="en">
 <head>
  <title>
</title>
<meta http-equiv="Content-Type" content="text/html;charset=utf-8" />
  <meta name='ocr-system' content='tesseract 3.04.00' />
  <meta name='ocr-capabilities' content='ocr_page ocr_carea ocr_par ocr_line ocrx_word'/>
</head>
<body>
  <div class='ocr_page' id='page_1' title='image "./chroniquedureli00frangoog_0762.png"; bbox 0 0 4666 6014; ppageno 0'>
   <div class='ocr_carea' id='block_1_1' title="bbox 1152 609 3495 716">
    <p class='ocr_par' dir='ltr' id='par_1_1' title="bbox 1152 609 3495 716">
     <span class='ocr_line' id='line_1_1' title="bbox 1152 609 3495 716; baseline -0.011 1"><span class='ocrx_word' id='word_1_1' title='bbox 1152 644 1296 716; x_wconf 84' lang='lat'>738</span> <span class='ocrx_word' id='word_1_2' title='bbox 1619 624 2302 703; x_wconf 84' lang='lat' dir='ltr'>CHRONICORUM</span> <span class='ocrx_word' id='word_1_3' title='bbox 2352 622 2709 700; x_wconf 77' lang='lat' dir='ltr'>KAROLI</span> <span class='ocrx_word' id='word_1_4' title='bbox 2760 609 3044 694; x_wconf 85' lang='lat' dir='ltr'><strong>SEXTI</strong></span> <span class='ocrx_word' id='word_1_5' title='bbox 3094 619 3272 694; x_wconf 77' lang='lat' dir='ltr'>Lm.</span> <span class='ocrx_word' id='word_1_6' title='bbox 3325 615 3495 692; x_wconf 83' lang='grc' dir='ltr'>ΧΠ.</span> 
     </span>
    </p>
   </div>
   <div class='ocr_carea' id='block_1_2' title="bbox 1151 768 3959 4866">
    <p class='ocr_par' dir='ltr' id='par_1_2' title="bbox 1151 768 3951 2264">
     <span class='ocr_line' id='line_1_2' title="bbox 1152 768 3940 893; baseline -0.008 -22"><span class='ocrx_word' id='word_1_7' title='bbox 1152 816 1427 871; x_wconf 90' lang='lat' dir='ltr'>omnes</span> <span class='ocrx_word' id='word_1_8' title='bbox 1470 787 1555 864; x_wconf 91' lang='lat' dir='ltr'>in</span> <span class='ocrx_word' id='word_1_9' title='bbox 1594 799 1822 893; x_wconf 89' lang='lat' dir='ltr'>parte</span> <span class='ocrx_word' id='word_1_10' title='bbox 1851 780 2198 859; x_wconf 86' lang='lat' dir='ltr'>maxima</span> <span class='ocrx_word' id='word_1_11' title='bbox 2230 776 2495 857; x_wconf 85' lang='lat' dir='ltr'>induti</span> <span class='ocrx_word' id='word_1_12' title='bbox 2535 791 2764 856; x_wconf 88' lang='lat' dir='ltr'>erant</span> <span class='ocrx_word' id='word_1_13' title='bbox 2806 770 3157 853; x_wconf 88' lang='lat' dir='ltr'>vestibus</span> <span class='ocrx_word' id='word_1_14' title='bbox 3190 768 3683 877; x_wconf 80' lang='lat' dir='ltr'>simplicibus</span> <span class='ocrx_word' id='word_1_15' title='bbox 3730 785 3810 848; x_wconf 86' lang='lat' dir='ltr'>et</span> <span class='ocrx_word' id='word_1_16' title='bbox 3839 797 3940 849; x_wconf 88' lang='lat' dir='ltr'>ex</span> 
     </span>
     <span class='ocr_line' id='line_1_3' title="bbox 1151 903 3950 1026; baseline -0.007 -19"><span class='ocrx_word' id='word_1_17' title='bbox 1151 923 1392 1008; x_wconf 89' lang='lat' dir='ltr'>viridi</span> <span class='ocrx_word' id='word_1_18' title='bbox 1421 923 1648 1001; x_wconf 81' lang='lat' dir='ltr'>fusco</span> <span class='ocrx_word' id='word_1_19' title='bbox 1678 916 1939 1016; x_wconf 88' lang='lat' dir='ltr'>valde,</span> <span class='ocrx_word' id='word_1_20' title='bbox 1991 916 2110 996; x_wconf 91' lang='lat' dir='ltr'>vel</span> <span class='ocrx_word' id='word_1_21' title='bbox 2151 917 2338 1026; x_wconf 89' lang='lat' dir='ltr'>quia</span> <span class='ocrx_word' id='word_1_22' title='bbox 2376 914 2870 992; x_wconf 84' lang='lat' dir='ltr'>Francorum</span> <span class='ocrx_word' id='word_1_23' title='bbox 2917 924 3209 988; x_wconf 86' lang='lat' dir='ltr'>statum</span> <span class='ocrx_word' id='word_1_24' title='bbox 3256 903 3950 1015; x_wconf 76' lang='lat' dir='ltr'>parvipendebant</span> 
     </span>
     <span class='ocr_line' id='line_1_4' title="bbox 1154 1043 3939 1174; baseline -0.007 -31"><span class='ocrx_word' id='word_1_25' title='bbox 1154 1087 1673 1174; x_wconf 87' lang='lat' dir='ltr'>pomposum,</span> <span class='ocrx_word' id='word_1_26' title='bbox 1704 1057 1821 1136; x_wconf 86' lang='lat' dir='ltr'>vel</span> <span class='ocrx_word' id='word_1_27' title='bbox 1855 1057 2041 1167; x_wconf 91' lang='lat' dir='ltr'>quia</span> <span class='ocrx_word' id='word_1_28' title='bbox 2069 1053 2446 1161; x_wconf 82' lang='lat' dir='ltr'>lugubres</span> <span class='ocrx_word' id='word_1_29' title='bbox 2486 1067 2739 1130; x_wconf 89' lang='lat' dir='ltr'>vestes</span> <span class='ocrx_word' id='word_1_30' title='bbox 2777 1076 2928 1158; x_wconf 91' lang='lat' dir='ltr'>pro</span> <span class='ocrx_word' id='word_1_31' title='bbox 2965 1064 3220 1127; x_wconf 90' lang='lat' dir='ltr'>morte</span> <span class='ocrx_word' id='word_1_32' title='bbox 3252 1045 3649 1127; x_wconf 81' lang='lat' dir='ltr'>comitisse</span> <span class='ocrx_word' id='word_1_33' title='bbox 3669 1043 3939 1125; x_wconf 84' lang='lat' dir='ltr'>Sancti</span> 
     </span>
     <span class='ocr_line' id='line_1_5' title="bbox 1153 1183 3944 1295; baseline -0.006 -15"><span class='ocrx_word' id='word_1_34' title='bbox 1153 1198 1374 1280; x_wconf 87' lang='lat' dir='ltr'>Pauli</span> <span class='ocrx_word' id='word_1_35' title='bbox 1402 1194 1906 1277; x_wconf 84' lang='lat' dir='ltr'>defferebant</span> <span class='ocrx_word' id='word_1_36' title='bbox 1926 1255 1945 1291; x_wconf 91' lang='lat'>‚</span> <span class='ocrx_word' id='word_1_37' title='bbox 1988 1220 2166 1270; x_wconf 89' lang='lat' dir='ltr'>cum</span> <span class='ocrx_word' id='word_1_38' title='bbox 2207 1189 2373 1269; x_wconf 87' lang='lat' dir='ltr'>dux</span> <span class='ocrx_word' id='word_1_39' title='bbox 2403 1190 2570 1295; x_wconf 91' lang='lat' dir='ltr'>ipse</span> <span class='ocrx_word' id='word_1_40' title='bbox 2595 1214 2745 1294; x_wconf 90' lang='lat' dir='ltr'>pro</span> <span class='ocrx_word' id='word_1_41' title='bbox 2778 1184 3281 1266; x_wconf 90' lang='lat' dir='ltr'>dilectissima</span> <span class='ocrx_word' id='word_1_42' title='bbox 3310 1201 3547 1292; x_wconf 89' lang='lat' dir='ltr'>nepte</span> <span class='ocrx_word' id='word_1_43' title='bbox 3579 1183 3944 1264; x_wconf 90' lang='lat' dir='ltr'>nundum</span> 
     </span>
     <span class='ocr_line' id='line_1_6' title="bbox 1152 1321 3942 1450; baseline -0.005 -33"><span class='ocrx_word' id='word_1_44' title='bbox 1152 1337 1581 1447; x_wconf 90' lang='lat' dir='ltr'>peregisset</span> <span class='ocrx_word' id='word_1_45' title='bbox 1611 1331 1782 1412; x_wconf 90' lang='lat' dir='ltr'>dies</span> <span class='ocrx_word' id='word_1_46' title='bbox 1814 1330 2061 1410; x_wconf 89' lang='lat' dir='ltr'>luctui</span> <span class='ocrx_word' id='word_1_47' title='bbox 2094 1326 2417 1435; x_wconf 91' lang='lat' dir='ltr'>publico</span> <span class='ocrx_word' id='word_1_48' title='bbox 2454 1325 2898 1450; x_wconf 80' lang='lat' dir='ltr'>deputatos.</span> <span class='ocrx_word' id='word_1_49' title='bbox 2929 1321 3160 1403; x_wconf 88' lang='lat' dir='ltr'>Tunc</span> <span class='ocrx_word' id='word_1_50' title='bbox 3189 1321 3485 1401; x_wconf 90' lang='lat' dir='ltr'>mutuis</span> <span class='ocrx_word' id='word_1_51' title='bbox 3515 1322 3942 1431; x_wconf 87' lang='lat' dir='ltr'>complexi-</span> 
     </span>
     <span class='ocr_line' id='line_1_7' title="bbox 1153 1459 3951 1581; baseline -0.005 -26"><span class='ocrx_word' id='word_1_52' title='bbox 1153 1474 1305 1555; x_wconf 87' lang='lat' dir='ltr'>bus</span> <span class='ocrx_word' id='word_1_53' title='bbox 1334 1491 1415 1554; x_wconf 90' lang='lat' dir='ltr'>et</span> <span class='ocrx_word' id='word_1_54' title='bbox 1444 1469 1771 1581; x_wconf 89' lang='lat' dir='ltr'>pacifico</span> <span class='ocrx_word' id='word_1_55' title='bbox 1804 1467 2073 1548; x_wconf 90' lang='lat' dir='ltr'>osculo</span> <span class='ocrx_word' id='word_1_56' title='bbox 2100 1464 2382 1545; x_wconf 87' lang='lat' dir='ltr'>ducem</span> <span class='ocrx_word' id='word_1_57' title='bbox 2406 1464 2955 1571; x_wconf 78' lang='lat' dir='ltr'>suscipienteS,</span> <span class='ocrx_word' id='word_1_58' title='bbox 2986 1477 3067 1541; x_wconf 91' lang='lat' dir='ltr'>et</span> <span class='ocrx_word' id='word_1_59' title='bbox 3090 1476 3276 1570; x_wconf 89' lang='lat' dir='ltr'>post</span> <span class='ocrx_word' id='word_1_60' title='bbox 3302 1475 3527 1567; x_wconf 87' lang='lat' dir='ltr'>grata</span> <span class='ocrx_word' id='word_1_61' title='bbox 3557 1459 3951 1573; x_wconf 88' lang='lat' dir='ltr'>colloquia</span> 
     </span>
     <span class='ocr_line' id='line_1_8' title="bbox 1153 1596 3949 1711; baseline -0.004 -20"><span class='ocrx_word' id='word_1_62' title='bbox 1153 1628 1234 1691; x_wconf 93' lang='lat' dir='ltr'>et</span> <span class='ocrx_word' id='word_1_63' title='bbox 1262 1627 1577 1690; x_wconf 88' lang='lat' dir='ltr'>mutuas</span> <span class='ocrx_word' id='word_1_64' title='bbox 1617 1604 1715 1688; x_wconf 89' lang='lat' dir='ltr'>de</span> <span class='ocrx_word' id='word_1_65' title='bbox 1745 1621 1958 1685; x_wconf 90' lang='lat' dir='ltr'>statu</span> <span class='ocrx_word' id='word_1_66' title='bbox 1987 1601 2490 1711; x_wconf 82' lang='lat' dir='ltr'>singulorum</span> <span class='ocrx_word' id='word_1_67' title='bbox 2520 1600 3198 1707; x_wconf 83' lang='lat' dir='ltr'>interrogaciones</span> <span class='ocrx_word' id='word_1_68' title='bbox 3220 1658 3238 1695; x_wconf 90' lang='lat'>‚</span> <span class='ocrx_word' id='word_1_69' title='bbox 3274 1597 3541 1704; x_wconf 91' lang='lat' dir='ltr'>ipsum</span> <span class='ocrx_word' id='word_1_70' title='bbox 3568 1598 3656 1676; x_wconf 90' lang='lat' dir='ltr'>in</span> <span class='ocrx_word' id='word_1_71' title='bbox 3686 1596 3949 1680; x_wconf 85' lang='lat' dir='ltr'>medio</span> 
     </span>
     <span class='ocr_line' id='line_1_9' title="bbox 1156 1730 3950 1847; baseline -0.003 -19"><span class='ocrx_word' id='word_1_72' title='bbox 1156 1747 1632 1828; x_wconf 87' lang='lat' dir='ltr'>collocantes</span> <span class='ocrx_word' id='word_1_73' title='bbox 1683 1742 1785 1823; x_wconf 89' lang='lat' dir='ltr'>ad</span> <span class='ocrx_word' id='word_1_74' title='bbox 1841 1743 1992 1822; x_wconf 89' lang='lat' dir='ltr'>sibi</span> <span class='ocrx_word' id='word_1_75' title='bbox 2054 1741 2509 1847; x_wconf 89' lang='lat' dir='ltr'>hospicium</span> <span class='ocrx_word' id='word_1_76' title='bbox 2556 1754 3077 1847; x_wconf 89' lang='lat' dir='ltr'>preparatum</span> <span class='ocrx_word' id='word_1_77' title='bbox 3134 1730 3572 1842; x_wconf 86' lang='lat' dir='ltr'>perducere</span> <span class='ocrx_word' id='word_1_78' title='bbox 3630 1763 3950 1819; x_wconf 87' lang='lat' dir='ltr'>curave·-</span> 
     </span>
     <span class='ocr_line' id='line_1_10' title="bbox 1160 1871 3950 1994; baseline -0.002 -31"><span class='ocrx_word' id='word_1_79' title='bbox 1160 1902 1386 1981; x_wconf 83' lang='lat' dir='ltr'>runt3</span> <span class='ocrx_word' id='word_1_80' title='bbox 1421 1881 1639 1994; x_wconf 88' lang='lat' dir='ltr'>quod</span> <span class='ocrx_word' id='word_1_81' title='bbox 1673 1898 1935 1961; x_wconf 88' lang='lat' dir='ltr'>tamen</span> <span class='ocrx_word' id='word_1_82' title='bbox 1969 1877 2189 1958; x_wconf 90' lang='lat' dir='ltr'>adire</span> <span class='ocrx_word' id='word_1_83' title='bbox 2219 1895 2413 1957; x_wconf 88' lang='lat' dir='ltr'>tunc</span> <span class='ocrx_word' id='word_1_84' title='bbox 2432 1877 2820 1956; x_wconf 89' lang='lat' dir='ltr'>recusavit</span> <span class='ocrx_word' id='word_1_85' title='bbox 2843 1903 3021 1955; x_wconf 88' lang='lat' dir='ltr'>cum</span> <span class='ocrx_word' id='word_1_86' title='bbox 3044 1871 3496 1980; x_wconf 87' lang='lat' dir='ltr'>juramento</span> <span class='ocrx_word' id='word_1_87' title='bbox 3518 1872 3950 1976; x_wconf 83' lang='lat' dir='ltr'>affirmans,</span> 
     </span>
     <span class='ocr_line' id='line_1_11' title="bbox 1161 2009 3947 2119; baseline -0.003 -19"><span class='ocrx_word' id='word_1_88' title='bbox 1161 2020 1415 2100; x_wconf 89' lang='lat' dir='ltr'>donec</span> <span class='ocrx_word' id='word_1_89' title='bbox 1464 2017 1823 2098; x_wconf 90' lang='lat' dir='ltr'>debitum</span> <span class='ocrx_word' id='word_1_90' title='bbox 1875 2015 2387 2096; x_wconf 51' lang='lat' dir='ltr'>¹salutacionis</span> <span class='ocrx_word' id='word_1_91' title='bbox 2441 2013 2772 2093; x_wconf 77' lang='lat' dir='ltr'>affatum</span> <span class='ocrx_word' id='word_1_92' title='bbox 2825 2009 3317 2091; x_wconf 82' lang='lat' dir='ltr'>exhibuisset</span> <span class='ocrx_word' id='word_1_93' title='bbox 3363 2010 3515 2117; x_wconf 89' lang='lat' dir='ltr'>ipsi</span> <span class='ocrx_word' id='word_1_94' title='bbox 3570 2013 3761 2119; x_wconf 87' lang='lat' dir='ltr'>regi.</span> <span class='ocrx_word' id='word_1_95' title='bbox 3821 2010 3947 2091; x_wconf 86' lang='lat' dir='ltr'>Ad</span> 
     </span>
     <span class='ocr_line' id='line_1_12' title="bbox 1160 2150 2814 2264; baseline -0.006 -27"><span class='ocrx_word' id='word_1_96' title='bbox 1160 2185 1333 2237; x_wconf 90' lang='lat' dir='ltr'>eum</span> <span class='ocrx_word' id='word_1_97' title='bbox 1370 2172 1636 2235; x_wconf 88' lang='lat' dir='ltr'>tamen</span> <span class='ocrx_word' id='word_1_98' title='bbox 1671 2182 1836 2233; x_wconf 91' lang='lat' dir='ltr'>non</span> <span class='ocrx_word' id='word_1_99' title='bbox 1878 2154 2423 2264; x_wconf 80' lang='lat' dir='ltr'>inexpectatus</span> <span class='ocrx_word' id='word_1_100' title='bbox 2465 2150 2814 2229; x_wconf 87' lang='lat' dir='ltr'>accessit.</span> 
     </span>
    </p>

    <p class='ocr_par' dir='ltr' id='par_1_3' title="bbox 1165 2282 3959 4312">
     <span class='ocr_line' id='line_1_13' title="bbox 1273 2282 3957 2398; baseline -0.001 -28"><span class='ocrx_word' id='word_1_101' title='bbox 1273 2293 1480 2372; x_wconf 89' lang='lat' dir='ltr'>Nam</span> <span class='ocrx_word' id='word_1_102' title='bbox 1514 2294 1597 2368; x_wconf 90' lang='lat' dir='ltr'>in</span> <span class='ocrx_word' id='word_1_103' title='bbox 1633 2290 1808 2369; x_wconf 86' lang='lat' dir='ltr'>aula</span> <span class='ocrx_word' id='word_1_104' title='bbox 1839 2290 2194 2398; x_wconf 90' lang='lat' dir='ltr'>episcopi</span> <span class='ocrx_word' id='word_1_105' title='bbox 2227 2316 2366 2366; x_wconf 82' lang='lat' dir='ltr'>rex</span> <span class='ocrx_word' id='word_1_106' title='bbox 2394 2289 2565 2397; x_wconf 89' lang='lat' dir='ltr'>ipse</span> <span class='ocrx_word' id='word_1_107' title='bbox 2598 2286 2842 2394; x_wconf 88' lang='lat' dir='ltr'>regali</span> <span class='ocrx_word' id='word_1_108' title='bbox 2873 2286 3228 2394; x_wconf 87' lang='lat' dir='ltr'>epitogio</span> <span class='ocrx_word' id='word_1_109' title='bbox 3259 2282 3589 2366; x_wconf 89' lang='lat' dir='ltr'>indutus</span> <span class='ocrx_word' id='word_1_110' title='bbox 3619 2288 3706 2365; x_wconf 87' lang='lat' dir='ltr'>in</span> <span class='ocrx_word' id='word_1_111' title='bbox 3738 2285 3957 2368; x_wconf 89' lang='lat' dir='ltr'>disco</span> 
     </span>
     <span class='ocr_line' id='line_1_14' title="bbox 1165 2419 3959 2537; baseline -0.001 -30"><span class='ocrx_word' id='word_1_112' title='bbox 1165 2429 1384 2537; x_wconf 89' lang='lat' dir='ltr'>regio</span> <span class='ocrx_word' id='word_1_113' title='bbox 1439 2426 1684 2525; x_wconf 89' lang='lat' dir='ltr'>sedit,</span> <span class='ocrx_word' id='word_1_114' title='bbox 1741 2428 2158 2535; x_wconf 91' lang='lat' dir='ltr'>ipsumque</span> <span class='ocrx_word' id='word_1_115' title='bbox 2204 2426 2895 2505; x_wconf 90' lang='lat' dir='ltr'>circumsteterunt</span> <span class='ocrx_word' id='word_1_116' title='bbox 2944 2419 3185 2502; x_wconf 88' lang='lat' dir='ltr'>duces</span> <span class='ocrx_word' id='word_1_117' title='bbox 3236 2423 3687 2504; x_wconf 88' lang='lat' dir='ltr'>Aurelianis</span> <span class='ocrx_word' id='word_1_118' title='bbox 3731 2443 3811 2505; x_wconf 90' lang='lat' dir='ltr'>et</span> <span class='ocrx_word' id='word_1_119' title='bbox 3861 2423 3959 2505; x_wconf 91' lang='lat' dir='ltr'>de</span> 
     </span>
     <span class='ocr_line' id='line_1_15' title="bbox 1176 2559 3955 2670; baseline 0 -26"><span class='ocrx_word' id='word_1_120' title='bbox 1176 2565 1587 2645; x_wconf 88' lang='lat' dir='ltr'>Borbonio</span> <span class='ocrx_word' id='word_1_121' title='bbox 1625 2567 1807 2644; x_wconf 87' lang='lat' dir='ltr'>cum</span> <span class='ocrx_word' id='word_1_122' title='bbox 1849 2560 2359 2643; x_wconf 90' lang='lat' dir='ltr'>multitudine</span> <span class='ocrx_word' id='word_1_123' title='bbox 2405 2563 2862 2670; x_wconf 86' lang='lat' dir='ltr'>principum</span> <span class='ocrx_word' id='word_1_124' title='bbox 2900 2577 2981 2640; x_wconf 88' lang='lat' dir='ltr'>et</span> <span class='ocrx_word' id='word_1_125' title='bbox 3015 2559 3456 2660; x_wconf 82' lang='lat' dir='ltr'>baronum,</span> <span class='ocrx_word' id='word_1_126' title='bbox 3501 2561 3642 2669; x_wconf 90' lang='lat' dir='ltr'>qui</span> <span class='ocrx_word' id='word_1_127' title='bbox 3681 2590 3955 2643; x_wconf 86' lang='lat' dir='ltr'>omnes</span> 
     </span>
     <span class='ocr_line' id='line_1_16' title="bbox 1172 2696 3951 2808; baseline -0.001 -27"><span class='ocrx_word' id='word_1_128' title='bbox 1172 2699 1451 2781; x_wconf 86' lang='lat' dir='ltr'>ducem</span> <span class='ocrx_word' id='word_1_129' title='bbox 1472 2718 1552 2781; x_wconf 88' lang='lat' dir='ltr'>et</span> <span class='ocrx_word' id='word_1_130' title='bbox 1581 2699 2060 2781; x_wconf 88' lang='lat' dir='ltr'>curialitates</span> <span class='ocrx_word' id='word_1_131' title='bbox 2089 2701 2264 2808; x_wconf 84' lang='lat' dir='ltr'>ejus</span> <span class='ocrx_word' id='word_1_132' title='bbox 2287 2697 2555 2779; x_wconf 90' lang='lat' dir='ltr'>videre</span> <span class='ocrx_word' id='word_1_133' title='bbox 2587 2698 3051 2807; x_wconf 81' lang='lat' dir='ltr'>cupiebant3</span> <span class='ocrx_word' id='word_1_134' title='bbox 3088 2725 3285 2806; x_wconf 88' lang='lat' dir='ltr'>quas</span> <span class='ocrx_word' id='word_1_135' title='bbox 3316 2696 3457 2776; x_wconf 86' lang='lat' dir='ltr'>tali</span> <span class='ocrx_word' id='word_1_136' title='bbox 3493 2696 3738 2778; x_wconf 91' lang='lat' dir='ltr'>modo</span> <span class='ocrx_word' id='word_1_137' title='bbox 3774 2728 3951 2806; x_wconf 91' lang='lat' dir='ltr'>per-</span> 
     </span>
     <span class='ocr_line' id='line_1_17' title="bbox 1166 2832 3948 2946; baseline -0.001 -28"><span class='ocrx_word' id='word_1_138' title='bbox 1166 2839 1424 2919; x_wconf 83' lang='lat' dir='ltr'>solvit.</span> <span class='ocrx_word' id='word_1_139' title='bbox 1485 2840 1817 2946; x_wconf 81' lang='lat' dir='ltr'>Regiam</span> <span class='ocrx_word' id='word_1_140' title='bbox 1872 2863 2215 2944; x_wconf 88' lang='lat' dir='ltr'>namque</span> <span class='ocrx_word' id='word_1_141' title='bbox 2275 2837 2678 2944; x_wconf 87' lang='lat' dir='ltr'>ingressus</span> <span class='ocrx_word' id='word_1_142' title='bbox 2721 2864 2902 2915; x_wconf 89' lang='lat' dir='ltr'>cum</span> <span class='ocrx_word' id='word_1_143' title='bbox 2959 2833 3540 2942; x_wconf 86' lang='lat' dir='ltr'>prenominatis</span> <span class='ocrx_word' id='word_1_144' title='bbox 3603 2832 3948 2917; x_wconf 86' lang='lat' dir='ltr'>dominis</span> 
     </span>
     <span class='ocr_line' id='line_1_18' title="bbox 1166 2969 3953 3086; baseline 0 -32"><span class='ocrx_word' id='word_1_145' title='bbox 1166 2977 1431 3084; x_wconf 89' lang='lat' dir='ltr'>primo</span> <span class='ocrx_word' id='word_1_146' title='bbox 1468 2976 1768 3083; x_wconf 89' lang='lat' dir='ltr'>regiam</span> <span class='ocrx_word' id='word_1_147' title='bbox 1804 2973 2293 3086; x_wconf 85' lang='lat' dir='ltr'>majestatem</span> <span class='ocrx_word' id='word_1_148' title='bbox 2331 2973 2541 3054; x_wconf 87' lang='lat' dir='ltr'>flexo</span> <span class='ocrx_word' id='word_1_149' title='bbox 2575 3002 2783 3082; x_wconf 91' lang='lat' dir='ltr'>genu</span> <span class='ocrx_word' id='word_1_150' title='bbox 2812 2969 3225 3052; x_wconf 84' lang='lat' dir='ltr'>humiliter</span> <span class='ocrx_word' id='word_1_151' title='bbox 3261 2970 3645 3053; x_wconf 82' lang='lat' dir='ltr'>adoravit.</span> <span class='ocrx_word' id='word_1_152' title='bbox 3680 2974 3953 3074; x_wconf 43' lang='lat' dir='ltr'>‚Quam</span> 
     </span>
     <span class='ocr_line' id='line_1_19' title="bbox 1167 3094 3958 3218; baseline 0 -27"><span class='ocrx_word' id='word_1_153' title='bbox 1167 3112 1698 3193; x_wconf 85' lang='lat' dir='ltr'>reverenciam</span> <span class='ocrx_word' id='word_1_154' title='bbox 1733 3139 1917 3192; x_wconf 89' lang='lat' dir='ltr'>cum</span> <span class='ocrx_word' id='word_1_155' title='bbox 1965 3112 2051 3191; x_wconf 90' lang='lat' dir='ltr'>in</span> <span class='ocrx_word' id='word_1_156' title='bbox 2091 3110 2266 3190; x_wconf 89' lang='lat' dir='ltr'>aule</span> <span class='ocrx_word' id='word_1_157' title='bbox 2306 3109 2571 3191; x_wconf 92' lang='lat' dir='ltr'>medio</span> <span class='ocrx_word' id='word_1_158' title='bbox 2604 3094 2996 3210; x_wconf 87' lang='lat' dir='ltr'>iterasset,</span> <span class='ocrx_word' id='word_1_159' title='bbox 3044 3139 3185 3190; x_wconf 87' lang='lat' dir='ltr'>rex</span> <span class='ocrx_word' id='word_1_160' title='bbox 3217 3138 3637 3218; x_wconf 87' lang='lat' dir='ltr'>assurgens</span> <span class='ocrx_word' id='word_1_161' title='bbox 3676 3110 3958 3192; x_wconf 90' lang='lat' dir='ltr'>ducem</span> 
     </span>
     <span class='ocr_line' id='line_1_20' title="bbox 1166 3245 3952 3359; baseline 0.001 -33"><span class='ocrx_word' id='word_1_162' title='bbox 1166 3248 1390 3328; x_wconf 90' lang='lat' dir='ltr'>illum</span> <span class='ocrx_word' id='word_1_163' title='bbox 1417 3250 1861 3359; x_wconf 84' lang='lat' dir='ltr'>expectavit</span> <span class='ocrx_word' id='word_1_164' title='bbox 1901 3246 2102 3357; x_wconf 90' lang='lat' dir='ltr'>pede</span> <span class='ocrx_word' id='word_1_165' title='bbox 2137 3246 2302 3326; x_wconf 86' lang='lat' dir='ltr'>fixo</span> <span class='ocrx_word' id='word_1_166' title='bbox 2323 3309 2344 3346; x_wconf 92' lang='lat'>‚</span> <span class='ocrx_word' id='word_1_167' title='bbox 2378 3245 2634 3327; x_wconf 92' lang='lat' dir='ltr'>donec</span> <span class='ocrx_word' id='word_1_168' title='bbox 2667 3246 2877 3327; x_wconf 88' lang='lat' dir='ltr'>sedis</span> <span class='ocrx_word' id='word_1_169' title='bbox 2909 3250 3122 3356; x_wconf 89' lang='lat' dir='ltr'>regie</span> <span class='ocrx_word' id='word_1_170' title='bbox 3163 3249 3564 3355; x_wconf 85' lang='lat' dir='ltr'>attingens</span> <span class='ocrx_word' id='word_1_171' title='bbox 3603 3251 3952 3358; x_wconf 87' lang='lat' dir='ltr'>primum</span> 
     </span>
     <span class='ocr_line' id='line_1_21' title="bbox 1168 3383 3956 3494; baseline 0 -29"><span class='ocrx_word' id='word_1_172' title='bbox 1168 3383 1510 3493; x_wconf 76' lang='lat' dir='ltr'>gradum</span> <span class='ocrx_word' id='word_1_173' title='bbox 1534 3383 1890 3464; x_wconf 90' lang='lat' dir='ltr'>eamdem</span> <span class='ocrx_word' id='word_1_174' title='bbox 1920 3386 2213 3465; x_wconf 91' lang='lat' dir='ltr'>iterum</span> <span class='ocrx_word' id='word_1_175' title='bbox 2239 3386 2755 3466; x_wconf 80' lang='lat' dir='ltr'>exhibuisset.</span> <span class='ocrx_word' id='word_1_176' title='bbox 2787 3384 3019 3465; x_wconf 88' lang='lat' dir='ltr'>Tunc</span> <span class='ocrx_word' id='word_1_177' title='bbox 3061 3403 3245 3494; x_wconf 91' lang='lat' dir='ltr'>post</span> <span class='ocrx_word' id='word_1_178' title='bbox 3279 3404 3650 3466; x_wconf 91' lang='lat' dir='ltr'>mutuum</span> <span class='ocrx_word' id='word_1_179' title='bbox 3691 3383 3956 3465; x_wconf 90' lang='lat' dir='ltr'>debite</span> 
     </span>
     <span class='ocr_line' id='line_1_22' title="bbox 1168 3520 3943 3631; baseline 0 -30"><span class='ocrx_word' id='word_1_180' title='bbox 1168 3521 1678 3601; x_wconf 86' lang='lat' dir='ltr'>salutacionis</span> <span class='ocrx_word' id='word_1_181' title='bbox 1748 3521 2081 3601; x_wconf 82' lang='lat' dir='ltr'>affatum</span> <span class='ocrx_word' id='word_1_182' title='bbox 2135 3550 2274 3603; x_wconf 87' lang='lat' dir='ltr'>rex</span> <span class='ocrx_word' id='word_1_183' title='bbox 2339 3520 2950 3630; x_wconf 88' lang='lat' dir='ltr'>apprehendens</span> <span class='ocrx_word' id='word_1_184' title='bbox 3010 3520 3178 3631; x_wconf 80' lang='lat' dir='ltr'>ejus</span> <span class='ocrx_word' id='word_1_185' title='bbox 3252 3551 3613 3621; x_wconf 86' lang='lat' dir='ltr'>manum,</span> <span class='ocrx_word' id='word_1_186' title='bbox 3660 3549 3943 3603; x_wconf 89' lang='lat' dir='ltr'>sereno</span> 
     </span>
     <span class='ocr_line' id='line_1_23' title="bbox 1165 3655 3958 3772; baseline 0.001 -35"><span class='ocrx_word' id='word_1_187' title='bbox 1165 3655 1388 3737; x_wconf 87' lang='lat' dir='ltr'>vultu</span> <span class='ocrx_word' id='word_1_188' title='bbox 1417 3675 1497 3737; x_wconf 89' lang='lat' dir='ltr'>et</span> <span class='ocrx_word' id='word_1_189' title='bbox 1534 3659 1712 3738; x_wconf 91' lang='lat' dir='ltr'>miti</span> <span class='ocrx_word' id='word_1_190' title='bbox 1752 3661 2161 3757; x_wconf 87' lang='lat' dir='ltr'>oracione,</span> <span class='ocrx_word' id='word_1_191' title='bbox 2201 3661 2424 3740; x_wconf 90' lang='lat' dir='ltr'>brevi</span> <span class='ocrx_word' id='word_1_192' title='bbox 2480 3679 2786 3759; x_wconf 88' lang='lat' dir='ltr'>tamen,</span> <span class='ocrx_word' id='word_1_193' title='bbox 2835 3662 3096 3768; x_wconf 90' lang='lat' dir='ltr'>ipsum</span> <span class='ocrx_word' id='word_1_194' title='bbox 3140 3680 3712 3772; x_wconf 75' lang='lat' dir='ltr'>prosequutu3‚</span> <span class='ocrx_word' id='word_1_195' title='bbox 3775 3686 3958 3742; x_wconf 87' lang='lat' dir='ltr'>cum</span> 
     </span>
     <span class='ocr_line' id='line_1_24' title="bbox 1170 3791 3954 3905; baseline 0.003 -34"><span class='ocrx_word' id='word_1_196' title='bbox 1170 3791 1500 3873; x_wconf 87' lang='lat' dir='ltr'>dixisset</span> <span class='ocrx_word' id='word_1_197' title='bbox 1536 3820 1675 3873; x_wconf 88' lang='lat' dir='ltr'>rex</span> <span class='ocrx_word' id='word_1_198' title='bbox 1706 3822 1723 3871; x_wconf 74' lang='grc' dir='ltr'>ε</span> <span class='ocrx_word' id='word_1_199' title='bbox 1772 3827 1810 3868; x_wconf 74' lang='lat' dir='ltr'>&lt;c</span> <span class='ocrx_word' id='word_1_200' title='bbox 1839 3793 2046 3874; x_wconf 89' lang='lat' dir='ltr'>Bene</span> <span class='ocrx_word' id='word_1_201' title='bbox 2087 3798 2459 3876; x_wconf 88' lang='lat' dir='ltr'>veneritis</span> <span class='ocrx_word' id='word_1_202' title='bbox 2491 3798 2577 3876; x_wconf 90' lang='lat' dir='ltr'>in</span> <span class='ocrx_word' id='word_1_203' title='bbox 2609 3825 2861 3905; x_wconf 88' lang='lat' dir='ltr'>regno</span> <span class='ocrx_word' id='word_1_204' title='bbox 2900 3814 3217 3895; x_wconf 74' lang='lat' dir='ltr'>nostr-03</span> <span class='ocrx_word' id='word_1_205' title='bbox 3250 3826 3433 3876; x_wconf 90' lang='lat' dir='ltr'>nam</span> <span class='ocrx_word' id='word_1_206' title='bbox 3471 3797 3569 3877; x_wconf 91' lang='lat' dir='ltr'>de</span> <span class='ocrx_word' id='word_1_207' title='bbox 3609 3797 3954 3878; x_wconf 90' lang='lat' dir='ltr'>adventu</span> 
     </span>
     <span class='ocr_line' id='line_1_25' title="bbox 1171 3927 3948 4041; baseline 0.003 -35"><span class='ocrx_word' id='word_1_208' title='bbox 1171 3947 1432 4008; x_wconf 87' lang='lat' dir='ltr'>vestro</span> <span class='ocrx_word' id='word_1_209' title='bbox 1456 3991 1475 4027; x_wconf 90' lang='lat'>‚</span> <span class='ocrx_word' id='word_1_210' title='bbox 1524 3957 1760 4041; x_wconf 89' lang='lat' dir='ltr'>quem</span> <span class='ocrx_word' id='word_1_211' title='bbox 1796 3927 1937 4010; x_wconf 88' lang='lat' dir='ltr'>diu</span> <span class='ocrx_word' id='word_1_212' title='bbox 1972 3929 2586 4011; x_wconf 88' lang='lat' dir='ltr'>desideravimus</span> <span class='ocrx_word' id='word_1_213' title='bbox 2627 3931 2952 4031; x_wconf 84' lang='lat' dir='ltr'>affectu,</span> <span class='ocrx_word' id='word_1_214' title='bbox 2994 3932 3463 4041; x_wconf 88' lang='lat' dir='ltr'>gaudemus,</span> <span class='ocrx_word' id='word_1_215' title='bbox 3496 3968 3534 4008; x_wconf 84' lang='lat'>»</span> <span class='ocrx_word' id='word_1_216' title='bbox 3581 3932 3747 4014; x_wconf 85' lang='lat' dir='ltr'>dux</span> <span class='ocrx_word' id='word_1_217' title='bbox 3785 3938 3948 4014; x_wconf 90' lang='lat' dir='ltr'>Au·-</span> 
     </span>
     <span class='ocr_line' id='line_1_26' title="bbox 1167 4062 3956 4169; baseline 0.003 -25"><span class='ocrx_word' id='word_1_218' title='bbox 1167 4062 1628 4146; x_wconf 87' lang='lat' dir='ltr'>relianensis</span> <span class='ocrx_word' id='word_1_219' title='bbox 1684 4096 1865 4147; x_wconf 91' lang='lat' dir='ltr'>eum</span> <span class='ocrx_word' id='word_1_220' title='bbox 1912 4068 2000 4146; x_wconf 90' lang='lat' dir='ltr'>in</span> <span class='ocrx_word' id='word_1_221' title='bbox 2047 4095 2268 4146; x_wconf 89' lang='lat' dir='ltr'>suam</span> <span class='ocrx_word' id='word_1_222' title='bbox 2320 4096 2714 4148; x_wconf 90' lang='lat' dir='ltr'>cameram</span> <span class='ocrx_word' id='word_1_223' title='bbox 2760 4068 3026 4169; x_wconf 88' lang='lat' dir='ltr'>duxit,</span> <span class='ocrx_word' id='word_1_224' title='bbox 3078 4071 3223 4150; x_wconf 93' lang='lat' dir='ltr'>ubi</span> <span class='ocrx_word' id='word_1_225' title='bbox 3273 4071 3514 4152; x_wconf 88' lang='lat' dir='ltr'>ambo</span> <span class='ocrx_word' id='word_1_226' title='bbox 3558 4072 3830 4151; x_wconf 89' lang='lat' dir='ltr'>vinum</span> <span class='ocrx_word' id='word_1_227' title='bbox 3875 4091 3956 4152; x_wconf 91' lang='lat' dir='ltr'>et</span> 
     </span>
     <span class='ocr_line' id='line_1_27' title="bbox 1172 4204 2323 4312; baseline 0.003 -31"><span class='ocrx_word' id='word_1_228' title='bbox 1172 4204 1468 4312; x_wconf 89' lang='lat' dir='ltr'>species</span> <span class='ocrx_word' id='word_1_229' title='bbox 1505 4220 1785 4283; x_wconf 90' lang='lat' dir='ltr'>mutuo</span> <span class='ocrx_word' id='word_1_230' title='bbox 1825 4221 2323 4311; x_wconf 89' lang='lat' dir='ltr'>acceperunt.</span> 
     </span>
    </p>

    <p class='ocr_par' dir='ltr' id='par_1_4' title="bbox 1165 4337 3952 4866">
     <span class='ocr_line' id='line_1_28' title="bbox 1281 4337 3950 4454; baseline 0.004 -37"><span class='ocrx_word' id='word_1_231' title='bbox 1281 4337 1660 4452; x_wconf 82' lang='lat' dir='ltr'>Sequenti</span> <span class='ocrx_word' id='word_1_232' title='bbox 1701 4341 1947 4448; x_wconf 89' lang='lat' dir='ltr'>igitur</span> <span class='ocrx_word' id='word_1_233' title='bbox 1985 4338 2118 4419; x_wconf 89' lang='lat' dir='ltr'>die</span> <span class='ocrx_word' id='word_1_234' title='bbox 2169 4344 2483 4442; x_wconf 88' lang='lat' dir='ltr'>martis,</span> <span class='ocrx_word' id='word_1_235' title='bbox 2538 4372 2679 4425; x_wconf 82' lang='lat' dir='ltr'>rex</span> <span class='ocrx_word' id='word_1_236' title='bbox 2727 4343 2917 4451; x_wconf 89' lang='lat' dir='ltr'>ipsis</span> <span class='ocrx_word' id='word_1_237' title='bbox 2968 4344 3157 4424; x_wconf 88' lang='lat' dir='ltr'>solis</span> <span class='ocrx_word' id='word_1_238' title='bbox 3202 4345 3555 4454; x_wconf 89' lang='lat' dir='ltr'>Anglicis</span> <span class='ocrx_word' id='word_1_239' title='bbox 3599 4345 3950 4427; x_wconf 88' lang='lat' dir='ltr'>solemne</span> 
     </span>
     <span class='ocr_line' id='line_1_29' title="bbox 1173 4474 3943 4593; baseline 0.004 -39"><span class='ocrx_word' id='word_1_240' title='bbox 1173 4474 1602 4585; x_wconf 90' lang='lat' dir='ltr'>prandium</span> <span class='ocrx_word' id='word_1_241' title='bbox 1657 4476 2105 4559; x_wconf 88' lang='lat' dir='ltr'>celebravit.</span> <span class='ocrx_word' id='word_1_242' title='bbox 2162 4480 2259 4568; x_wconf 87' lang='lat' dir='ltr'>In</span> <span class='ocrx_word' id='word_1_243' title='bbox 2313 4476 2537 4560; x_wconf 87' lang='lat' dir='ltr'>disco</span> <span class='ocrx_word' id='word_1_244' title='bbox 2587 4509 2904 4593; x_wconf 89' lang='lat' dir='ltr'>quoque</span> <span class='ocrx_word' id='word_1_245' title='bbox 2949 4483 3170 4590; x_wconf 89' lang='lat' dir='ltr'>regio</span> <span class='ocrx_word' id='word_1_246' title='bbox 3227 4479 3391 4562; x_wconf 84' lang='lat' dir='ltr'>dux</span> <span class='ocrx_word' id='word_1_247' title='bbox 3442 4483 3895 4564; x_wconf 89' lang='lat' dir='ltr'>Lencastrie</span> <span class='ocrx_word' id='word_1_248' title='bbox 3924 4547 3943 4583; x_wconf 92' lang='lat'>‚</span> 
     </span>
     <span class='ocr_line' id='line_1_30' title="bbox 1165 4612 3952 4727; baseline 0.003 -32"><span class='ocrx_word' id='word_1_249' title='bbox 1165 4612 1490 4724; x_wconf 83' lang='lat' dir='ltr'>quidam</span> <span class='ocrx_word' id='word_1_250' title='bbox 1529 4615 1948 4723; x_wconf 75' lang='lat' dir='ltr'>episcopus</span> <span class='ocrx_word' id='word_1_251' title='bbox 1991 4616 2276 4724; x_wconf 88' lang='lat' dir='ltr'>Anglie</span> <span class='ocrx_word' id='word_1_252' title='bbox 2329 4620 2573 4727; x_wconf 90' lang='lat' dir='ltr'>primi</span> <span class='ocrx_word' id='word_1_253' title='bbox 2625 4616 3198 4719; x_wconf 86' lang='lat' dir='ltr'>consederunt;</span> <span class='ocrx_word' id='word_1_254' title='bbox 3248 4622 3574 4721; x_wconf 88' lang='lat' dir='ltr'>comites</span> <span class='ocrx_word' id='word_1_255' title='bbox 3614 4650 3803 4703; x_wconf 90' lang='lat' dir='ltr'>vero</span> <span class='ocrx_word' id='word_1_256' title='bbox 3851 4619 3952 4703; x_wconf 89' lang='lat' dir='ltr'>de</span> 
     </span>
     <span class='ocr_line' id='line_1_31' title="bbox 1169 4750 3951 4866; baseline 0.006 -36"><span class='ocrx_word' id='word_1_257' title='bbox 1169 4752 1502 4833; x_wconf 83' lang='lat' dir='ltr'>Rotlant</span> <span class='ocrx_word' id='word_1_258' title='bbox 1543 4768 1626 4832; x_wconf 83' lang='lat' dir='ltr'>et</span> <span class='ocrx_word' id='word_1_259' title='bbox 1663 4750 1763 4832; x_wconf 79' lang='lat' dir='ltr'>dc</span> <span class='ocrx_word' id='word_1_260' title='bbox 1815 4752 2275 4862; x_wconf 85' lang='lat' dir='ltr'>Hoquiston</span> <span class='ocrx_word' id='word_1_261' title='bbox 2312 4754 2418 4839; x_wconf 86' lang='lat' dir='ltr'>ab</span> <span class='ocrx_word' id='word_1_262' title='bbox 2461 4772 2807 4866; x_wconf 86' lang='lat' dir='ltr'>utroque</span> <span class='ocrx_word' id='word_1_263' title='bbox 2849 4754 3427 4843; x_wconf 80' lang='lat' dir='ltr'>discubuerunt</span> <span class='ocrx_word' id='word_1_264' title='bbox 3480 4759 3745 4845; x_wconf 70' lang='lat' dir='ltr'>latore.</span> <span class='ocrx_word' id='word_1_265' title='bbox 3807 4760 3951 4849; x_wconf 77' lang='lat' dir='ltr'>Eia.</span> 
     </span>
    </p>
   </div>
  </div>
 </body>
</html>
