4666 6014
1219 650 1786 744 CHRONIQUE·
1816 648 1946 722 DE
1997 650 2430 726 CHARLES
2478 649 2982 744 v1.‚-L1v.,
3019 647 3157 726 x1.
3437 655 3582 729 669

799 801 1160 902 chretiens
1184 798 1275 873 de
1298 799 1458 873 leur
1482 798 1642 872 cote
1663 795 2040 896 perdirent
2070 800 2361 882 messire
2386 799 2792 874 Guillaume
2823 796 2912 871 de
2945 798 3168 872 Garet
3189 814 3262 872 et
3292 802 3582 874 messire

795 923 976 997 Jean
1011 921 1540 1008 de‘Montecoe‚
1586 918 1711 1019 qui
1747 919 2030 992 avaient
2060 922 2173 993 ete
2199 919 2357 993 faits
2394 917 2785 994 chevaliers
2820 945 2901 994 ce
2924 919 3247 1021 jour-la,
3294 923 3581 996 messire

794 1046 892 1120 de
922 1045 1196 1144 Wailly
1240 1068 1410 1118 avec
1450 1070 1552 1116 un
1602 1041 1958 1115 chevalier
2003 1057 2077 1114 et
2130 1069 2230 1115 un
2284 1043 2541 1141 ecu'yer
2587 1042 2677 1116 de
2725 1070 2796 1115 sa
2848 1043 3066 1132 suite,
3118 1059 3191 1115 et
3234 1043 3583 1142 plusieurs

794 1165 1033 1242 autres
1067 1165 1324 1240 braves
1365 1165 1753 1239 chevaliers
1785 1180 1859 1237 et
1904 1169 2217 1263 ecuyers,
2260 1159 2392 1240 tels
2427 1191 2569 1267 que
2600 1166 2890 1240 messire
2921 1164 3010 1239 de
3039 1165 3241 1255 Blot,
3282 1167 3326 1237 J
3328 1191 3458 1239 ean
3494 1166 3583 1240 (16

793 1287 1368 1364 Pierre-Buffieoe
1382 1342 1406 1378 ,
1455 1287 1748 1361 messire
1797 1285 1887 1360 de
1920 1285 2268 1386 Bellefaye
2285 1342 2307 1378 ,
2354 1285 2739 1362 Guichard¹
2760 1286 2848 1360 de
2887 1286 3158 1360 Malere
3174 1341 3198 1377 ,
3246 1286 3585 1386 Geoffroy

795 1411 975 1487 dela
1007 1412 1231 1500 Selle,
1269 1410 1433 1484 Yon
1464 1408 1555 1484 de
1586 1407 1882 1498 Cholet,
1919 1408 2284 1483 Guichard
2323 1408 2414 1483 de
2436 1409 2739 1483 Palerne
2759 1462 2783 1498 ,
2809 1408 2967 1507 Guy
2989 1408 3056 1482 le
3074 1407 3383 1499 villain,
3405 1411 3583 1483 Jean

799 1534 1072 1622 Perier,
1120 1530 1402 1607 Robert
1445 1529 1535 1604 de
1577 1531 1906 1631 linget,
1964 1532 2260 1605 messire
2301 1529 2392 1605 de
2437 1531 2669 1605 Bours
2690 1585 2714 1621 ,
2764 1517 3105 1629 Geoffroy
3154 1531 3245 1605 de
3289 1530 3528 1608 Binan
3554 1585 3576 1620 ,

799 1653 1204 1730 Guillaume
1239 1650 1626 1728 Andureau
1642 1705 1666 1741 ,
1719 1651 1899 1725 Jean
1930 1652 2053 1725 des
2092 1653 2301 1742 lsles,
2341 1653 2635 1730 messire
2674 1653 2852 1725 Jean
2889 1650 2983 1724 de
3020 1653 3247 1749 Trye‚
3293 1655 3583 1727 messire

802 1772 890 1848 de
933 1773 1351 1850 Machecoul
1365 1827 1388 1865 ‚
1438 1770 1792 1848 Eustache
1848 1771 1938 1845 de
1989 1772 2271 1872 Mailly,
2327 1774 2620 1854 messire
2666 1772 3024 1846 Bertrand
3079 1771 3170 1846 de
3219 1772 3534 1849 Chesnac
3553 1829 3576 1865 ,

800 1895 1091 1968 messire
1146 1893 1304 1991 Guy
1346 1894 1437 1966 de
1489 1891 1697 1968 Vaise
1717 1947 1740 1985 ‚
1795 1878 2104 1967 Etienne
2157 1893 2256 1967 du
2300 1893 2516 1987 Pon,
2574 1920 2675 1970 un
2739 1889 3258 1995 gentilhoinme
3313 1897 3582 1996 anglais

802 2018 1095 2089 nomme
1137 2012 1546 2113 Fondrigay
1588 2014 1768 2085 ainsi
1821 2038 1962 2114 que
2004 2013 2358 2113 plusieurs
2405 2013 2494 2085 de
2539 2038 2645 2086 ses
2686 2015 3195 2114 compatriotes
3212 2069 3234 2105 ,
3291 2017 3581 2088 moesire

800 2134 1015 2208 Alain
1038 2133 1129 2208 de
1156 2133 1632 2233 Champigny,
1669 2131 1828 2205 huit
1854 2134 2186 2207 vaillants
2212 2132 2536 2208 hommes
2568 2131 2875 2234 d’arnles
2894 2132 3073 2207 dela
3108 2135 3287 2207 suite
3318 2134 3418 2207 du
3442 2137 3605 2208 sire.

801 2254 892 2329 de
936 2256 1168 2350 Rieux
1212 2271 1286 2329 et
1331 2251 1706 2352 beaucoup
1725 2243 2047 2327 'd’autres
2079 2253 2271 2329 'dont
2308 2254 2624 2356 j’ignore
2672 2255 2772 2328 les
2817 2239 3054 2329 nomsss
3109 2255 3293 2328 Dieu
3323 2257 3582 2330 venille

804 2377 1004 2448 avoir
1036 2377 1196 2450 leur
1223 2375 1419 2449 ame!

896 2614 1224 2686 D'autres
1270 2616 1551 2687 avaient
1591 2618 1703 2704 ete
1733 2615 2274 2692 mortellement
2318 2611 2581 2688 blesses
2593 2644 2617 2703 3
2669 2614 2756 2686 ils
2775 2710 2778 2714 ,
2796 2615 3122 2713 perirent
3153 2613 3242 2687 de
3273 2614 3582 2687 diverses

799 2734 1175 2809 manieres.
1220 2735 1354 2808 Les
1394 2761 1528 2808 uns
1545 2791 1568 2826 ‚
1600 2715 1899 2812 devores
1933 2763 2065 2836 par
2097 2760 2239 2808 une
2272 2736 2414 2809 sois
2434 2733 2778 2807 brfilante
2794 2790 2821 2826 ‚
2859 2733 3276 2810 tomberent
3310 2736 3583 2834 epuises

798 2872 872 2930 et
902 2857 1221 2932 aneantis
1234 2910 1256 2946 ,
1287 2872 1362 2930 et
1383 2855 1764 2931 rendirent
1788 2857 1858 2930 le
1880 2855 2173 2931 dernier
2197 2856 2445 2955 soupir
2471 2871 2679 2936 entre
2706 2855 2808 2946 les
2828 2852 2995 2928 bras
3019 2853 3108 2929 de
3130 2880 3308 2930 ceux
3332 2855 3457 2957 qui
3480 2856 3582 2929 les

799 2979 1191 3076 portaient.
1219 2980 1354 3055 Les
1384 2994 1647 3071 autres,
1673 2980 1800 3081 qui
1831 2995 2098 3079 purent
2129 2979 2407 3052 arriver
2423 2970 2803 3079 jusqu'aux
2825 2978 3220 3069 vaisseaux,
3252 3003 3582 3067 succome

801 3097 1061 3173 herent
1092 3125 1253 3173 sous
1283 3101 1351 3174 le
1383 3099 1589 3200 poids
1618 3099 1989 3177 accablant
2015 3098 2106 3174 de
2138 3100 2329 3173 leurs
2362 3123 2594 3172 armes
2610 3152 2633 3189 ,
2675 3114 2749 3172 et
2781 3096 3135 3172 resterent
3164 3124 3341 3201 sans)
3362 3125 3582 3174 mou-

801 3237 1095 3294 vement
1117 3237 1192 3295 et
1221 3249 1379 3299 sans
1408 3223 1549 3296 vie.
1583 3224 1824 3297 Parmi
1856 3224 1957 3297 les
1984 3220 2252 3296 blesses
2278 3221 2405 3323 qui
2436 3221 2763 3319 perirent
2798 3219 3012 3309 ainsi,
3057 3244 3157 3292 on
3196 3223 3577 3319 comptait,

804 3338 1082 3440 d'apres
1115 3341 1182 3415 le
1216 3342 1666 3444 temoignage
1696 3342 1785 3417 de
1819 3369 1993 3417 ceux
2026 3344 2151 3445 qui
2185 3340 2590 3414 assisterent
2622 3339 2664 3413 a
2694 3363 2774 3414 ce
2809 3337 3135 3429 combat,
3172 3340 3465 3411 messire
3496 3339 3585 3411 (16

802 3463 1182 3538 Clairvaux
1198 3519 1222 3555 ,
1283 3466 1572 3539 messire
1629 3466 1907 3540 Robert
1961 3464 2386 3554 Bailledart,
2443 3464 2735 3537 messire
2793 3461 3109 3559 Amaury
3159 3458 3249 3533 de
3295 3460 3533 3535 Craon
3555 3517 3577 3551 ,
3620 3491 3628 3500 ·

799 3582 1339 3659 nouvellement
1407 3589 1606 3659 arme
1672 3573 2027 3660 chevalier
2047 3641 2071 3679 ,
2139 3586 2431 3661 messire
2480 3583 2773 3657 charles
2825 3582 3230 3672 Dancelles,
3291 3583 3582 3654 messire

804 3705 1080 3780 Rohert
1115 3707 1591 3797 d'Harcourt,
1627 3709 1919 3781 messire
1960 3707 2050 3781 de
2085 3689 2385 3805 Croilly,
2423 3706 2493 3779 le
2529 3706 2840 3779 vicomte
2871 3702 2961 3776 (16
3001 3700 3261 3793 Rusca,
3310 3702 3588 3777 Robert

803 3826 903 3900 du
921 3820 1158 3918 Mora,
1181 3827 1579 3929 Mignote1‚
1616 3827 1968 3903 Perducat
1986 3829 2078 3904 de
2102 3808 2439 3923 sonam,
2476 3825 2861 3925 Lehm-gne
2883 3822 2973 3897 de
2996 3823 3231 3914 ciues,
3258 3822 3587 3923 Philippa

805 3945 896 4020 de
927 3946 1231 4022 Houdan
1251 4003 1274 4039 ,
1311 3952 1604 4024 messim
1639 3948 1928 4049 Gaudry
1958 3946 2050 4026 de
2067 3952 2370 4047 Baleure
2386 4003 2409 4039 ‚
2445 3947 2737 4021 ‘messire
2771 3943 3053 4018 Robert
3072 3942 3162 4017 de
3191 3942 3539 4019 Berneval
3557 3999 3579 4033 ,

807 4068 1098 4143 messire
1119 4066 1397 4143 Robert
1414 4069 1504 4144 de
1536 4071 1769 4145 Puille
1783 4127 1806 4163 ‚
1843 4072 2081 4171 Dean
2103 4071 2194 4157 de
2212 4068 2655 4169 Val-Auger,
2692 4060 3020 4167 Philippe
3049 4064 3141 4139 de
3169 4064 3585 4166 Chauvigny

810 4207 886 4265 et
913 4190 1290 4291 beaucoup
1321 4190 1632 4267 d’autroe
1660 4194 1844 4271 dont
1864 4195 2180 4295 j'ignore
2207 4196 2308 4271 les
2336 4220 2572 4270 noms.
2696 4283 2701 4286 ῃ

909 4678 1104 4751 Ceux
1146 4679 1272 4780 qui
1306 4677 1787 4778 &chapperent
1826 4682 2094 4755 etaient
2133 4679 2491 4779 sufloques
2522 4704 2659 4777 par
2690 4700 2834 4748 une
2872 4672 3167 4748 chaleur
3198 4668 3589 4744 etouflante

810 4815 884 4874 et
921 4798 1212 4900 baignes
1258 4799 1347 4873 de
1392 4823 1648 4893 sueur3
1709 4801 1778 4874 la
1826 4800 2108 4877 bouche
2156 4800 2415 4875 beante
2469 4815 2544 4872 et
2590 4799 2697 4873 les
2746 4795 3036 4871 narines
3088 4808 3421 4869 ouveroes
3437 4846 3460 4884 ‚
3504 4789 3591 4863 ils
