4666 6014
1108 675 1250 753 588
1591 673 2277 752 cunomconum
2327 671 2684 751 KAnom
2734 671 3018 748 sssxn
3061 673 3248 748 Lm
3281 672 3402 778 bx,

1106 851 1359 936 usque
1394 821 1810 933 protensa,
1852 826 1966 905 sic
2020 826 2196 907 aule
2248 829 2464 935 regie
2521 826 2914 934 effigiaret
2945 824 3575 906 similitudinem.
3623 825 3716 903 In
3759 853 3894 906 su-

1108 961 1410 1069 periori
1458 978 1725 1042 autem
1771 978 2003 1071 parte
2046 963 2284 1072 hujus
2331 963 2507 1044 aule
2554 965 2912 1046 caminus
2963 961 3261 1072 duplex
3321 961 3425 1042 ad
3465 962 3720 1042 instar
3753 961 3894 1042 lati

1106 1113 1187 1177 et
1242 1097 1381 1177 alti
1450 1098 1800 1205 pinaculi
1874 1116 2378 1181 constructus
2446 1100 2706 1181 fuerat
2722 1163 2742 1201 ,
2792 1128 2839 1180 a
2896 1099 3326 1210 posteriori
3380 1116 3461 1180 et
3508 1097 3895 1179 anteriori

1108 1251 1338 1344 parte
1367 1236 1769 1345 tapetibus
1797 1235 1978 1316 lana
2001 1213 2082 1317 et
2103 1237 2356 1317 serico
2388 1241 2627 1319 textis
2651 1256 3079 1349 coopertus
3098 1300 3118 1340 ,
3145 1265 3416 1319 coram
3445 1263 3608 1349 quo
3633 1234 3896 1317 discus

1107 1375 1370 1481 regius
1400 1373 2042 1482 magnificencius
2058 1393 2491 1484 aptaretur.
2518 1376 2668 1456 Per
2693 1376 3085 1458 ambitum
3112 1393 3373 1458 autem
3410 1375 3586 1456 aule
3616 1390 3898 1456 ornate

1088 1508 1190 1590 ad
1233 1509 1509 1619 templi
1551 1508 2156 1598 similitudinem
2191 1514 2441 1620 panni
2477 1512 2612 1592 alii
2651 1510 3239 1623 dependebant,
3269 1514 3357 1591 in
3388 1511 3683 1623 quibus
3704 1538 3886 1590 cum

1108 1664 1425 1727 textura
1444 1646 1795 1736 mirabili
1815 1675 2015 1726 auro
2043 1665 2124 1728 et
2153 1651 2409 1728 seric'o
2429 1650 2693 1729 ,mixta
2709 1650 2927 1731 varie
2960 1666 3041 1729 et
3067 1649 3491 1759 peregrine
3518 1647 3894 1728 exharate

1111 1800 1342 1862 erant
1373 1757 1741 1891 'hystorie
1756 1846 1774 1881 ,
1816 1811 1974 1896 que
2005 1783 2114 1863 ab
2158 1783 2755 1865 introeuntibus
2791 1799 3025 1894 grato
3060 1783 3739 1892 amplectebantur
3772 1786 3892 1862 iu-

1112 1921 1344 2001 tuitu.
3129 1927 3140 1946 ²

1226 2055 1353 2137 Ad
1379 2058 1803 2141 hastiludia
1834 2060 2206 2143 militaria
2236 2065 2485 2143 eciam
2514 2063 2991 2163 exercenda,
3012 2080 3238 2143 extra
3261 2088 3534 2142 muros
3563 2058 3894 2142 abbacie

1113 2222 1253 2273 rex
1288 2221 1655 2303 campum
1687 2199 1944 2305 aptari
1988 2215 2070 2279 et
2112 2229 2256 2308 per
2284 2199 2634 2279 stadium
2683 2227 2935 2278 unum
2976 2195 3317 2308 jusserat
3362 2194 3894 2308 complanari,

1111 2333 1313 2414 liciis
1359 2331 1591 2415 lineis
1630 2338 2322 2448 circumclausum,
2361 2357 2441 2419 et
2494 2337 2836 2449 desuper
2880 2338 2988 2418 ab
3026 2366 3192 2417 uno
3231 2335 3476 2416 latere
3515 2332 3897 2415 deambu-

1110 2470 1396 2551 latoria
1424 2472 1686 2580 lignea
1728 2472 1830 2553 ad
1860 2457 2114 2555 instar
2141 2457 2931 2589 propugnaculorum
2962 2474 3248 2556 elevari
3268 2535 3288 2576 ,
3320 2477 3407 2554 in
3437 2471 3735 2586 quibus
3780 2472 3901 2549 in-

1113 2609 1353 2686 vitate
1385 2606 1712 2711 domine
1742 2609 1846 2690 ad
1885 2613 2418 2720 spectaculum
2439 2608 2998 2719 presiderent,
3032 2638 3131 2691 ex
3173 2636 3512 2721 quarum
3556 2605 3899 2706 arbitrio

1111 2721 2045 2855 uniuscujusque'militis
2065 2749 2386 2829 virtutis
2412 2748 2904 2857 approbacio
2924 2746 3435 2857 dependeret.

1228 2881 1517 2989 Igitur,
1552 2899 1643 2962 ut
1677 2911 1783 2978 ex
1815 2882 2191 2965 condicto
2230 2884 2490 2966 fuerat
2534 2885 3035 2986 ordinatum,
3071 2888 3365 2968 mensis
3385 2889 3594 2976 'maii
3629 2891 3895 2997 pr-ima

1115 3016 1246 3096 die
1264 3078 1285 3114 ,
1320 3045 1475 3129 que
1498 3018 1658 3099 fuit
1682 3018 1851 3101 dies
1890 3022 2242 3123 sabbati,
2277 3024 2448 3105 sole
2465 3026 2631 3135 jam
2660 3053 2844 3107 suos
2878 3024 3375 3107 delectabiles
3410 3024 3680 3115 radios
3716 3027 3896 3109 abs-

976 3260 985 3268 1
1119 3152 1512 3237 condente
1531 3217 1550 3254 ,
1610 3159 1759 3237 rex
1799 3154 1901 3238 ad
1952 3159 2219 3240 locum
2274 3160 2646 3261 deditum
2682 3163 3182 3244 solemnitati
3211 3167 3576 3265 accessi't3
3626 3176 3897 3276 quem,

1122 3291 1846 3403 modicotemporis
1876 3299 2147 3405 spacio
2167 3299 2612 3409 interjecto,
2639 3302 2914 3407 regina
2940 3299 3202 3381 Sicilie
3231 3299 3696 3414 ducissaque
3714 3305 3890 3412 ‚An-

1120 3427 1443 3538 degavie
1469 3451 1803 3545 sequuta
1825 3451 1968 3514 est.
1994 3435 2088 3515 In
2128 3464 2372 3516 curru
2400 3434 2797 3547 siquidem
2822 3436 3068 3545 regali
3106 3455 3187 3517 et
3214 3457 3535 3519 arcuato
3561 3438 3660 3519 de
3683 3440 3896 3531 Pari-

1120 3567 1281 3649 sius
1330 3569 1579 3647 exivit
1632 3597 1813 3648 cum
1862 3564 2187 3670 ducum,
2235 3573 2620 3671 militum,
2666 3571 3105 3671 baronum,
3167 3575 3545 3685 precipue
3602 3577 3766 3686 qui.
3802 3575 3903 3657 de

1118 3705 1345 3811 regio
1366 3706 1753 3812 sanguine
1772 3707 2245 3808 existebant,
2276 3709 2792 3791 multitudine
2811 3713 3167 3819 copiosa3
3193 3740 3436 3822 quam
3460 3694 3708 3792 eciam
3729 3712 3896 3795 duo

1110 3838 1473 3948 ‘ejusdem
1514 3841 1703 3941 filii,
1737 3841 2272 3927 adolescentes
2301 3850 2640 3956 egregii,
2670 3867 3076 3960 equestres
3099 3851 3274 3929 sine
3311 3847 3579 3931 medio
3613 3880 3900 3965 seque·

1120 3977 1461 4074 bantur,
1486 4004 1653 4058 non
1682 3996 1947 4060 tamen
1990 3983 2232 4061 simili
2276 4002 2667 4092 apparatu
2698 4012 2861 4096 quo
2894 3986 3119 4094 prius
3158 3986 3372 4067 soliti
3413 4007 3643 4069 erant
3678 3993 3901 4102 equi-

1118 4132 1316 4193 tare.
1355 4114 1430 4194 N
1432 4138 1664 4226 ampe
1704 4117 2265 4199 scutiferorum
2317 4121 2766 4229 priscorum
2817 4124 3295 4207 cerimonias
3340 4123 3738 4234 gradatim
3798 4127 3898 4208 ad

1121 4252 1479 4331 tironum
1510 4250 1876 4333 ordinem
1916 4253 2518 4349 ascendencium
2563 4279 2963 4346 servantes
2982 4323 3003 4360 ,
3045 4264 3315 4342 tunica
3347 4262 3502 4344 lata
3536 4263 3764 4345 talari
3803 4286 3900 4345 ex

1121 4388 1415 4495 griseto
1459 4387 1661 4468 bene
1705 4388 1929 4471 flisco
1972 4408 2308 4507 uterque
2365 4394 2693 4477 indutus
2736 4414 2908 4478 erat
2925 4460 2945 4498 ,
2993 4397 3391 4511 quidquid
3430 4428 3621 4483 vero
3669 4430 3907 4484 orna-

1119 4526 1369 4645 menti
1402 4554 1683 4606 eorum
1713 4530 1896 4637 equi
1926 4528 2046 4609 vel
2084 4529 2401 4639 ipsimet
2430 4528 2933 4629 defferebant
2960 4518 3170 4657 auro
3199 4537 3519 4646 penitus
3553 4539 3894 4621 carebat.

1119 4662 1243 4742 Ex
1276 4662 1516 4781 simili
1558 4691 1879 4776 quoque
1908 4694 2179 4775 panno
2204 4729 2225 4767 ,
2259 4697 2423 4782 quo
2453 4671 2695 4753 ambo
2723 4669 2986 4753 induti
3015 4691 3275 4773 erant,
3309 4673 3696 4786 quasdam
3728 4705 3903 4787 por-

1112 4799 1524 4880 ciunculas
1551 4802 2067 4910 complicatas
2104 4820 2197 4899 ac
2218 4807 2430 4891 sellis
2449 4836 2844 4921 equorum
2867 4838 2914 4899 a
2940 4828 3166 4918 tergo
3187 4810 3542 4921 alligatas
3567 4812 3899 4896 deffere·
