4666 6014
1102 663 1246 739 236
1575 660 2259 738 CHRONICORUM
2311 659 2668 736 KAROLI
2719 651 3003 734 SEXTI
3052 663 3230 736 LIB.
3284 663 3407 736 111.

1037 897 1046 910 ,
1081 805 1438 922 Palosis,
1497 810 1640 891 ubi
1692 813 1898 890 cives
1949 812 2538 892 conveniebant
2580 811 3125 924 frequencius,
3159 831 3285 911 ut,
3325 815 3391 892 si
3439 813 3582 923 qui
3632 814 3898 898 insur-

1103 953 1492 1032 rexissent
1530 966 1794 1028 motus
1837 951 2064 1047 novi,
2106 977 2297 1029 mox
2342 949 2648 1029 viribus
2701 947 3196 1032 sedarentur.
3255 939 3610 1061 Reliquis
3665 979 3855 1030 vero
3875 1015 3894 1050 ,

1102 1114 1581 1197 quocunque
1614 1085 2009 1195 hospitari
2046 1086 2379 1194 placuit,
2423 1088 2847 1196 opportuit
2876 1104 2968 1166 ut
2998 1086 3204 1166 liber
3248 1105 3557 1197 pateret
3596 1089 3899 1197 ingres-

1100 1253 1231 1306 sus
1240 1290 1268 1329 ,
1314 1252 1416 1303 ne
1457 1223 2021 1333 frangerentur
2054 1224 2345 1305 hostia.
2384 1226 2486 1305 Et
2517 1222 2696 1305 nea
2727 1240 2952 1305 tanta
2997 1224 3340 1305 libencia
3367 1254 3471 1305 ex
3506 1225 3894 1316 immode-

1102 1363 1369 1441 rancia
1408 1360 1841 1442 verborum
1895 1360 1998 1441 ad
2029 1362 2404 1443 facinora
2457 1381 2947 1462 curreretur,
2998 1349 3167 1473 lege
3216 1355 3536 1444 edictali
3580 1383 3658 1444 et
3703 1394 3897 1444 voce

1100 1501 1480 1609 preconia
1513 1500 2067 1609 promulgatur
2107 1529 2254 1610 per
2304 1500 2555 1599 bivia,
2597 1529 2700 1581 ne
2745 1503 2928 1615 quis
2981 1501 3244 1588 vffbis
3286 1502 3592 1584 civibus
3644 1502 3889 1606 insul:

1101 1654 1306 1716 taret
1366 1654 1447 1716 et
1493 1666 1595 1716 ne
1639 1635 1798 1718 ulla
1845 1639 1932 1717 in
1984 1667 2071 1719 re
2121 1636 2428 1750 aliquid
2488 1635 2951 1719 detrimenti
2996 1657 3501 1749 paterentur3
3543 1654 3626 1717 et
3660 1640 3729 1717 si
3762 1638 3896 1717 ali-

1098 1778 1278 1886 quis
1300 1837 1318 1872 ,
1390 1775 1930 1886 cujuscunque
1978 1773 2480 1857 condicionis
2506 1763 2511 1772 ¹
2542 1775 2812 1856 officio
2866 1775 3336 1885 fungeretur
3356 1833 3376 1874 ,
3435 1792 3577 1854 aut
3627 1776 3893 1884 cujus-

1099 1939 1412 2023 cunque
1449 1913 1946 2010 auctoritatis
1986 1914 2307 2023 cingulo
2344 1899 2867 2024 premineret,
2904 1915 3400 1993 contrarium
3423 1929 3895 2022 attemptare

1098 2068 1626 2158 presumeret,
1671 2068 2056 2163 tanquam
2100 2049 2506 2132 homicida
2552 2067 2935 2161 perpetue
2974 2049 3420 2161 subjaceret
3459 2049 3784 2160 infamie
3816 2069 3896 2130 et

1099 2185 1472 2266 ultimum
1502 2204 1865 2296 preterea
1903 2189 2390 2298 supplicium
2430 2207 2848 2299 cogeretur
2904 2189 3198 2269 subire.
3253 2184 3720 2267 Mandatum
3763 2206 3893 2267 ta-

1096 2353 1283 2403 men
1325 2325 1634 2433 regium
1676 2321 2086 2425 nonnulli,
2128 2325 2377 2434 prede
2410 2324 2662 2424 avidi,
2697 2305 2993 2442 quibus
3033 2322 3359 2405 difficile
3389 2342 3560 2406 erat
3591 2343 3895 2408 assueta

1101 2460 1584 2573 relinquere,
1617 2463 1951 2543 minime
1993 2463 2536 2543 servaverunt.
2591 2462 2726 2543 Ob
2779 2492 3019 2575 quam
3070 2490 3371 2542 noxam
3423 2460 3586 2543 duo
3634 2462 3735 2542 ad
3787 2464 3898 2543 fe-

1100 2616 1407 2678 nestras
1471 2596 1936 2697 domorum,
1997 2602 2082 2679 in
2157 2581 2452 2710 quibus
2522 2599 2945 2679 latrocinia
3008 2600 3607 2706 commiserant,
3672 2600 3896 2708 jussu

1100 2737 1768 2843 conestabularii,
1827 2756 2020 2818 sunt
2087 2740 2492 2846 suspensi,
2549 2755 2629 2817 et
2689 2735 3124 2845 suspendio
3199 2733 3445 2816 vitam
3515 2733 3895 2817 finierunt

1098 2874 1537 2972 infelicem,
1615 2892 1703 2953 ut
1731 2926 1737 2933 -
1762 2873 1936 2953 loca
2001 2876 2587 2956 munimentum
2660 2873 3241 2983 suppliciorum
3299 2900 3579 2956 eorum
3635 2894 3897 2956 essent

1103 3016 1186 3092 in
1228 3013 1523 3123 quibus
1551 3011 2155 3124 delinquerant,
2198 3031 2277 3092 et
2322 3007 2691 3093 arcendis
2723 2989 3147 3092 sceleribus
3188 3010 3562 3095 cederent
3592 3013 3764 3094 aliis
3812 3016 3896 3092 in

1101 3150 1573 3257 exemplum.

1215 3285 1345 3365 Sic
1375 3287 1528 3367 sub
1559 3316 1766 3397 pena
1800 3291 2119 3399 capitali
2148 3293 2176 3335 ¹
2209 3294 2458 3372 vetito
2496 3290 2924 3373 latrocinio
2947 3353 2966 3389 ,
3008 3319 3200 3370 mox
3223 3352 3242 3386 ,
3294 3308 3387 3395 ut
3432 3288 3898 3370 condictum

1101 3425 1394 3505 fuerat.
1429 3428 1641 3507 inter
1707 3425 1982 3529 duces,
2057 3428 2428 3508 satellites
2498 3455 2644 3538 per
2715 3428 3115 3508 civitatem
3184 3422 3685 3534 diriguntur,
3757 3430 3895 3536 qui

1100 3580 1502 3644 trecentos
1536 3592 1633 3643 ex
1672 3562 2115 3646 dicioribus
2149 3583 2538 3676 ceperunt
2556 3628 2576 3663 ,
2610 3565 2825 3649 inter
2852 3591 3054 3675 quos
3092 3590 3397 3645 summa
3430 3561 3898 3639 auctoritate

1101 3699 1515 3807 pollebant
1568 3698 1942 3782 dominus
1999 3703 2472 3785 Guillelmus
2520 3702 3005 3787 Senonensis
3030 3763 3051 3800 ,
3084 3699 3451 3807 magistri
3493 3696 3895 3778 Johannes

1106 3835 1786 3936 Fjlleul,Jacobus
1825 3838 1924 3951 de
1961 3839 2279 3940 Castr0,
2316 3842 2711 3921 Martinus
2745 3837 3145 3947 Duplicis,
3179 3839 3266 3917 in
3287 3836 3788 3916 Parlamento
3820 3856 3899 3916 et

1106 3976 1191 4053 in
1233 3974 1571 4055 Castello
1603 3976 1825 4085 regio
1859 3976 2261 4076 advocati;
2296 3978 2335 4055 J
2342 3978 2702 4059 ohannes
2727 3975 3211 4083 Flammingi
3232 4036 3252 4073 ,
3295 3973 3699 4057 Johannes
3728 3975 3802 4053 N
3807 4003 3897 4055 o·-

1100 4111 1288 4193 bilis
1341 4131 1423 4193 et
1459 4114 1865 4197 Johannes
1913 4115 2012 4197 de
2041 4115 2545 4214 Vandetar·²,
2601 4144 2802 4228 quos
2857 4142 3135 4195 omnes
3188 4114 3431 4195 variis
3482 4113 3899 4221 ergastulis

1103 4250 1622 4333 incluserunt.
1696 4253 1896 4334 Inde
1954 4256 2193 4333 ceteri
2263 4254 2740 4364 burgenses,
2803 4254 3061 4333 nimio
3131 4280 3429 4362 pavore
3488 4254 3894 4346 concussi,

1102 4390 1392 4469 merito
1451 4392 1892 4473 timuerunt
1935 4396 2056 4471 ne’
2080 4390 2312 4472 furor
2346 4394 2560 4501 regis
2602 4411 2681 4472 et
2722 4390 3187 4503 principum
3223 4391 3335 4470 sic
3377 4392 3463 4469 in
3505 4418 3640 4470 eos
3679 4387 3894 4468 dese-

1100 4527 1337 4626 viret,
1380 4546 1458 4607 et
1516 4530 1890 4639 precipue
1940 4546 2029 4608 ut
2088 4528 2465 4613 viderunt
2520 4527 2741 4642 quod
2797 4528 3163 4645 sequenti
3208 4523 3340 4606 die
3389 4526 3577 4605 lune
3626 4554 3723 4603 ex
3764 4526 3889 4602 in-

1174 4771 1188 4793 ·
1249 4759 1386 4815 Var.
1430 4784 1444 4811 .·
1488 4768 1552 4815 n⁰
1588 4757 1766 4836 5960,
1813 4759 1911 4818 fol.
1955 4762 2016 4818 51
2066 4781 2136 4834 r.,
2175 4761 2280 4821 sub
2313 4781 2458 4838 pena
2600 4769 2621 4794 ⁸
2666 4761 2805 4818 Var.
2846 4786 2859 4814 .·
2901 4769 2965 4816 n·
2996 4755 3167 4837 5960,
3204 4756 3303 4814 fol.
3330 4752 3397 4813 51
3429 4773 3507 4824 r.,
3540 4752 3613 4810 de
3648 4751 3886 4809 rande·—

1098 4844 1407 4918 suspendii.
2400 4888 2421 4899 -
2532 4859 2693 4907 mre.
3368 4848 3379 4857 '
