4666 6014
1035 649 1184 718 270
1516 643 2198 720 CHRONICORUM
2247 644 2603 720 KAROLI
2653 644 2937 720 SEXTI
2986 646 3162 718 ΗΒ.
3216 644 3369 722 lv‚'

1042 816 1121 876 et
1167 799 1253 875 in
1289 795 1628 874 circuitu
1657 794 1828 903 ejus
1857 794 2219 874 ‘fixerunt
2247 798 2618 892 tentoria,
2644 814 2738 876 ut
2763 794 3036 875 vallidi
3064 799 3458 877 exercitus
3490 799 3832 905 speciem

1043 933 1545 1028 simularent,
1588 948 1669 1009 et
1708 929 1930 1041 quod
1967 930 2070 1011 ad
2109 934 2433 1014 fortiter
2469 932 3001 1014 resistendum
3030 933 3150 1011 ibi
3186 933 3589 1040 elegerant
3622 951 3832 1013 stare

1042 1069 1241 1177 pede
1281 1069 1469 1147 fixo.
1513 1069 1623 1147 Ut
1665 1069 1779 1147 rei
1822 1070 2078 1148 exitus
2128 1072 2717 1179 comprobavit,
2767 1068 2869 1149 ad
2907 1070 3294 1151 cautelam
3334 1070 3551 1150 hunc
3590 1099 3831 1181 appa-

1040 1225 1303 1286 ratum
1343 1205 1878 1286 ostentabant.
1909 1206 2171 1305 Nam,
2227 1207 2745 1288 redeuntibus
2793 1209 3107 1288 nunciis
3131 1269 3149 1304 ,
3200 1237 3382 1287 cum
3425 1206 3832 1288 audissent

1039 1347 1102 1422 F
1107 1345 1374 1423 rancie
1398 1343 2130 1423 ‘conestabularium
2168 1343 2580 1424 'Oliverum
2618 1343 2717 1425 de
2753 1345 3131 1443 Clichon,
3177 1342 3597 1425 dominum
3633 1374 3831 1456 quo-

1039 1510 1193 1593 que
1242 1477 1738 1560 Ludovicum
1783 1479 2018 1589 Sacri*
2058 1481 2367 1561 Cesaris
2408 1482 2989 1579 marescallum,
3042 1499 3278 1593 atque
3317 1471 3605 1562 ducem
3651 1482 3826 1560 Bri·
3928 1461 3935 1468 ¹

1037 1622 1254 1699 tanie
1291 1619 1335 1697 J
1340 1618 1741 1700 ohannem
1781 1617 1882 1696 de
1914 1617 2386 1698 Monteforti
2409 1680 2429 1716 ‚
2461 1619 2759 1729 quibus
2800 1620 3061 1725 prima
3107 1621 3321 1726 regia
3364 1621 3570 1698 acies
3614 1647 3828 1706 com-

1037 1760 1277 1835 missa
1337 1755 1600 1834 fuerat
1621 1815 1640 1850 ,
1699 1756 2247 1866 propinquare
2271 1815 2291 1851 ,
2355 1783 2547 1834 mox
2610 1757 3085 1862 intempeste
3145 1758 3406 1834 noctis
3466 1756 3823 1854 silenciO,

1037 1893 1352 1999 igneffn
1390 1893 1760 1972 tentoriis
1800 1893 2068 1999 posito
2090 1954 2107 1989 ,
2142 1889 2369 2003 quod
2409 1919 2802 1981 recessum
2847 1889 3357 1999 designabat,
3396 1890 3612 2001 apud
3642 1892 3826 1971 Bra-

1039 2059 1226 2138 gues
1247 2092 1266 2124 ,
1312 2026 1884 2135 Gravelingues
1928 2029 2505 2125 et‘Bourbouc,
2560 2028 3081 2135 Flammingis
3104 2027 3617 2126 ·fa'ventibuS,
3679 2057 3821 2107 au·-

1034 2168 1435 2275 fugerunt.
1486 2165 1590 2242 Et
1628 2165 1815 2275 quja
1861 2161 1964 2242 ad
2011 2163 2308 2244 bellum
2351 2177 2715 2276 apertum
2770 2162 3329 2245 instruendum
3383 2167 3575 2274 ipsis
3617 2167 3821 2245 vires

1034 2302 1397 2399 deerant,
1426 2299 1710 2381 mediis
1757 2301 2111 2381 consiliis
2147 2300 2530 2382 standum
2570 2300 2985 2399 dixerunt,
3016 2320 3097 2381 et
3132 2303 3217 2381 in
3250 2302 3405 2386 hiis
3432 2301 3636 2382 villis
3662 2332 3822 2382 ma-

1035 2468 1223 2518 nere
1279 2456 1749 2536 statuentes,
1800 2431 2021 2550 quod
2042 2500 2062 2537 ,
2111 2440 2179 2518 si
2234 2442 2414 2550 quis
2478 2469 2756 2520 eorum
2814 2439 2992 2519 loco
3048 2437 3324 2520 cedere
3380 2442 3821 2520 necessario

1035 2592 1476 2683 cogeretur,
1527 2603 1719 2654 mox
1766 2573 1869 2654 ad
1921 2576 2181 2655 socios
2232 2578 2841 2685 transmigraret
2859 2638 2878 2674 ‚
2924 2593 3012 2654 ut
3064 2577 3178 2655 sic
3218 2577 3450 2655 simul
3489 2574 3818 2656 adunati

1038 2712 1321 2790 fierent
1362 2709 1465 2789 ad
1508 2709 2038 2791 resistendum
2071 2710 2481 2792 forciores.
3024 2711 3029 2716 ’

1150 3255 1258 3331 Ut
1300 3270 1560 3332 autem
1609 3254 1797 3362 fuga
1857 3258 2245 3365 comperit
2301 3285 2443 3336 rex
2503 3255 2997 3343 adversarios
3047 3259 3378 3337 evasisse
3397 3318 3416 3354 ,
3467 3257 3770 3364 refugia
3796 3317 3815 3352 ,

1035 3419 1188 3502 que
1251 3393 1660 3501 pecierant
1722 3410 1814 3471 ut
1866 3411 2094 3487 tuta,.
2130 3394 2431 3501 agmini
2498 3390 2718 3502 quod
2798 3390 3233 3502 procedere
3282 3394 3622 3502 jusserat
3655 3371 3816 3471 ex-

1034 3527 1469 3637 pugnanda
1515 3522 1935 3613 com‘misit.
1985 3529 2151 3629 Qui
2201 3527 2708 3610 laudabiliter
2765 3528 3317 3638 obtemperare
3365 3530 3769 3636 cupientes
3792 3589 3815 3626 ,

1033 3683 1114 3743 et
1155 3662 1566 3745 audientes
1605 3663 1822 3773 apud
1862 3665 2200 3773 Bregues
2236 3665 2656 3747 dominum
2696 3666 3141 3749 Robertum
3180 3663 3507 3745 Canolle
3524 3726 3544 3762 ,
3579 3691 3813 3775 quem

1034 3801 1348 3909 Anglici
1383 3801 1777 3909 fulgorem
1813 3803 2509 3911 inextinguibilem
2542 3803 2970 3911 probitatis
3004 3803 3522 3910 reputabant,
3560 3799 3817 3881 diver-

1034 3940 1259 4035 tisse,
1319 3937 1432 4015 ibi
1488 3936 1994 4018 obsidionem
2049 3957 2499 4020 statuerunt
2552 3940 2980 4038 inchoare3
3042 3966 3281 4050 quam
3336 3957 3603 4019 tamen
3650 3966 3819 4019 non

1034 4092 1450 4183 expectare
1500 4072 1833 4183 dignum
1879 4072 2136 4155 duxit.
2186 4054 2392 4156 Nam
2432 4078 2738 4158 viribus
2784 4079 2948 4157 suis
2996 4073 3406 4173 diffidens,
3451 4105 3642 4157 mox
3693 4105 3823 4156 so—

1035 4215 1179 4291 ciis
1230 4214 1628 4293 accersitis
1675 4243 1692 4291 z
1743 4248 1781 4288 <c
1824 4215 2002 4315 Que
2054 4234 2320 4295 mente
2379 4218 2672 4325 agitem
2718 4212 3019 4312 audite,
3062 4215 3362 4326 inquit,
3411 4217 3675 4294 amici.²
3722 4218 3818 4297 In

1037 4384 1074 4422 ‹<
1115 4378 1210 4429 eo
1247 4353 1462 4430 enim
1499 4351 1677 4430 loco
1714 4378 1840 4430 res
1855 4369 2064 4464 sunt
2099 4368 2406 4450 nostre,
2447 4370 2540 4431 ut
2572 4353 2805 4432 vobis
2844 4378 2996 4460 ego
3038 4353 3289 4460 magis
3330 4354 3818 4433 necessitatis

1039 4522 1073 4559 «
1114 4504 1372 4566 vestre
1422 4487 1666 4567 index
1703 4516 1944 4600 quam
1987 4489 2296 4569 consilii
2344 4506 2622 4569 auctor
2663 4490 2837 4569 sim.
2872 4478 3141 4569 Unica*
3169 4489 3405 4571 nobis
3449 4489 3654 4568 salus
3700 4506 3821 4567 est

1038 4659 1074 4696 «
1113 4651 1531 4732 erumpere
1580 4625 1768 4703 hinc
1790 4685 1810 4721 ,
1860 4643 2098 4736 atque
2133 4625 2408 4726 -abire3
2461 4625 2545 4706 id
2596 4645 2693 4707 ut
2734 4646 2970 4731 nocte
2994 4628 3376 4708 ‘faciamus
3413 4643 3813 4735 opportet.

1039 4795 1076 4832 c<
1119 4760 1219 4839 Et
1252 4757 1471 4859 ideo,
1514 4779 1940 4872 postquam
1977 4790 2159 4871 spes
2203 4762 2484 4847 tuendi
2512 4763 2805 4873 oppidi
2844 4795 3011 4846 non
3054 4782 3212 4861 est,
3251 4761 3595 4845 secunda
3623 4763 3821 4871 vigi-
