4666 6014
1035 640 1180 713 374
1335 695 1344 698 -
1505 632 2192 706 cunoNlcoRUM
2245 631 2603 705 KARoLl
2654 631 2938 706 sEx'rl
2990 611 3172 707 Lm
3225 635 3352 710 vl.

1031 783 1612 897 protegendam
1640 802 2134 895 susceperat,
2173 787 2429 894 ipsam
2470 781 2991 895 indempnem
3020 787 3553 884 conservavit,
3591 814 3842 898 quan-

1030 957 1272 1041 quam
1308 925 1540 1006 multi
1566 925 1706 1036 qui
1742 926 1952 1004 circa
1993 941 2073 1003 et
2099 923 2312 1005 ultra
2353 925 2662 1033 regium
2686 923 3180 1033 papilionem
3215 922 3840 1006 deambulabant

1031 1067 1580 1147 occubuerunt
1601 1126 1619 1162 ,
1657 1064 1814 1143 hiis
1844 1064 2280 1145 missilibus
2316 1065 2804 1172 interempti.

1141 1228 1310 1306 Hec
1351 1244 1432 1306 et
1469 1224 1758 1306 similia
1809 1226 2296 1305 incessanter
2341 1244 2663 1336 agentes
2699 1224 3080 1307 indurato
3106 1229 3388 1310 ‘animo
3422 1256 3690 1338 regem
3733 1226 3835 1308 ad

1027 1363 1527 1446 iracundiam
1576 1363 1866 1444 merito
1912 1384 2586 1473 provocaverunt,
2637 1384 2717 1445 et
2751 1364 3211 1475 juramento
3244 1366 3608 1447 firmavit
3646 1366 3836 1446 inde

1026 1533 1109 1583 se
1142 1533 1311 1584 non
1347 1485 1878 1601 recessurum,
1930 1499 2189 1582 donec
2221 1502 2404 1583 villa
2446 1505 2886 1614 potiretur;
2922 1503 3143 1616 quod
3184 1505 3504 1588 effectui
3542 1507 3839 1585 manci-

1024 1671 1219 1751 pare
1244 1641 1530 1721 Gallici
1565 1638 1848 1721 diebus
1882 1639 2345 1752 quindecim
2379 1658 2991 1750 temptaverunt.
3023 1644 3232 1746 Qui,
3264 1645 3625 1756 quamvis
3659 1644 3833 1724 nul-

1023 1781 1135 1859 las
1159 1779 1673 1891 percipiende
1707 1780 1998 1890 quietis
2028 1777 2132 1859 ad
2164 1779 2777 1862 restaurandum
2806 1782 3160 1862 hostium
3187 1783 3830 1862 exinanicionem

1021 1918 1259 1997 ferias
1292 1916 1842 2026 indulgerent,
1888 1945 2013 1998 res
2057 1936 2325 1998 tamen
2367 1921 2453 1998 in
2501 1921 2832 2028 longum
2873 1920 3046 1999 ibat
3071 1982 3090 2017 ,
3122 1921 3279 1998 nisi
3311 1919 3612 1999 cautela
3643 1948 3827 2028 spa-

1023 2059 1231 2136 cium
1274 2056 1657 2165 temporis
1706 2056 2314 2166 supplevissent.
2362 2057 2778 2169 Exquisita
2831 2085 3177 2169 namque
3218 2056 3628 2165 lignorum
3671 2058 3829 2137 suf-

1020 2195 1323 2276 ficienti
1369 2196 1741 2292 materia,
1783 2194 2195 2276 machinas
2237 2224 2435 2308 quas
2471 2194 2711 2303 vulgo
2763 2194 3150 2304 scrophas
3200 2194 3643 2304 appellant,
3685 2224 3825 2303 pe-

1020 2337 1307 2416 trarias
1331 2363 1654 2447 quoque
1689 2331 1790 2414 ad
1822 2332 2401 2414 destruendum
2429 2363 2704 2414 muros
2734 2352 2960 2443 aptas
2991 2334 3142 2414 sub
3173 2334 3398 2414 omni
3428 2333 3828 2414 celeritate

1016 2472 1426 2554 fabrefieri
1492 2474 1925 2582 jusserunt.
1991 2473 2313 2573 Quibus
2383 2502 2561 2551 cum
2628 2470 3087 2582 oppidanos
3150 2471 3826 2581 subsequentibus

1016 2609 1299 2692 diebus
1348 2612 1934 2721 oppressissent
1956 2672 1975 2709 ,
2024 2610 2421 2724 paulative
2472 2613 2940 2719 arrogancie
2999 2627 3375 2691 consuete
3430 2607 3821 2720 deposue-

1016 2768 1210 2832 runt
1257 2751 1686 2845 sarcinam,
1741 2749 2147 2860 nimiaque
2200 2750 2565 2828 concussi
2611 2747 3083 2847 formidine,
3138 2749 3256 2829 vis
3298 2773 3612 2846 eorum,
3668 2778 3822 2860 que

1015 2916 1272 2995 nuper
1334 2889 1566 2995 ignea
1626 2882 2076 2985 videbatur,
2128 2888 2386 2966 instar
2446 2887 2653 2966 nivis
2717 2886 3109 2997 liquefieri
3170 2887 3503 2994 incepit.
3576 2886 3821 2986 Quod

1014 3046 1211 3107 natu
1244 3027 1587 3136 majores
1629 3022 2170 3123 attendentes,
2218 3044 2297 3104 et
2347 3024 2569 3141 quod
2610 3054 2787 3104 eum
2825 3043 3058 3134 gente
3104 3026 3189 3104 in
3231 3026 3656 3134 proposito
3693 3028 3819 3104 ni-

1010 3167 1267 3244 mium
1307 3165 1704 3274 pertinaci
1742 3163 2124 3272 agebatur
2167 3165 2594 3271 negocium
2617 3224 2636 3259 ,
2680 3164 2963 3242 ceteris
3004 3163 3090 3243 in
3140 3162 3531 3243 concione
3572 3161 3818 3242 advo-

955 3302 962 3316 '
1009 3303 1203 3385 catis
1238 3335 1254 3382 ε
1293 3337 1332 3378 c<
1357 3304 1591 3387 Nunc
1626 3300 1957 3413 quidem
1990 3299 2437 3382 resistendo
2481 3303 2565 3380 in
2602 3299 2823 3380 nullo
2864 3301 3273 3379 remissior
3310 3318 3429 3380 est
3463 3302 3816 3397 animuS,
3887 3341 3889 3343 ·

1012 3477 1049 3514 κ
1093 3444 1513 3554 inquiunt3
1557 3437 1697 3523 sed
1739 3441 1995 3518 attriti
2049 3441 2301 3519 nim-io
2356 3437 2718 3550 pondere
2745 3435 3233 3536 obsidionis,
3267 3440 3474 3517 vires
3522 3456 3820 3545 negant

1012 3613 1050 3652 κ
1093 3581 1348 3688 ipsam
1395 3577 1733 3687 amplius
1785 3575 2455 3686 protrahendam3
2503 3579 2917 3688 visumque
2950 3594 3071 3656 est
3102 3575 3436 3656 instanti
3471 3578 3817 3683 tempori

1009 3752 1046 3792 <c
1087 3716 1467 3827 expedire
1496 3733 1611 3816 ut,
1643 3717 1905 3796 missis
1943 3718 2258 3796 nunciis
2289 3715 2391 3796 ad
2422 3744 2695 3824 regem
2717 3777 2736 3812 ,
2776 3731 3254 3823 temptemus
3287 3714 3592 3792 exitum
3613 3713 3814 3792 libe-

1012 3890 1050 3931 ε(
1092 3884 1280 3938 rum
1316 3887 1498 3937 cum
1540 3856 1764 3936 omni
1811 3853 2296 3962 supellectile
2348 3853 2803 3962 implorare.
2866 3852 2969 3930 Et
3025 3852 3386 3963 quamvis
3414 3850 3636 3955 seda
3662 3854 3687 3895 ¹
3736 3870 3816 3931 et

1010 4030 1047 4069 <c
1090 3997 1626 4103 ignominiosa
1687 4009 2103 4103 reputetur
2176 3989 2530 4090 dedicio,
2586 3993 2753 4100 agit
2810 4007 3077 4070 tamen
3136 4006 3515 4089 extrema¹
3552 4016 3817 4068 neces-

1012 4170 1048 4209 «
1091 4135 1315 4232 sitaS,
1389 4153 1476 4214 ut
1548 4135 1694 4212 ista
1724 4194 1743 4230 ,
1816 4149 2439 4243 quantacunque
2495 4148 2653 4217 est,
2720 4126 3162 4237 indignitas
3238 4127 3641 4225 subeatur,
3715 4106 3814 4207 ne

1010 4311 1046 4350 «
1087 4303 1365 4355 omnes
1426 4273 1728 4383 absque
1785 4267 2337 4353 misericordia
2398 4292 2838 4380 pereamus.
2911 4265 3315 4348 Dedamus
3380 4296 3529 4348 nos
3599 4270 3807 4377 regi,

1006 4450 1044 4488 «
1086 4414 1242 4493 rati
1310 4411 1588 4493 melius
1634 4406 1787 4488 sub
1843 4409 2186 4516 ‘unperio
2245 4437 2392 4489 suo
2429 4436 2672 4521 quam
2717 4407 3030 4517 'nostris
3090 4403 3807 4488 consuetudinibus

1006 4586 1044 4628 α
1085 4554 1483 4647 victuros;
1529 4565 1805 4628 oretur
1856 4564 1949 4629 ut
1987 4548 2221 4627 mitat
2247 4550 2396 4659 qui
2434 4545 2801 4644 obsides,
2842 4546 2981 4656 qui
3016 4545 3306 4627 urbem
3346 4543 3808 4654 patentibus

1008 4727 1045 4765 «
1088 4692 1346 4800 portis
1378 4687 1799 4797 accipiant.
1834 4718 1872 4759 n

969 4882 987 4902 ‘
1080 4886 1092 4907 ¹
1138 4875 1212 4929 Le
1236 4882 1357 4928 mot
1361 4869 1522 4944 seda
1544 4868 1843 4943 emptum}
1866 4885 1939 4926 au
1962 4875 2027 4923 η’
2049 4866 2218 4944 5960,
2245 4867 2345 4925 fol.
2373 4866 2446 4925 65
2472 4887 2545 4939 v.‚
2579 4886 2820 4943 manque
2847 4866 2986 4922 dans
3007 4865 3061 4920 le
3086 4875 3152 4920 η’
3172 4860 3334 4937 5958.
