4666 6014
1134 684 1277 757 562
1593 673 2278 751 ‹maomcoanm
2328 669 2712 792 amm}
2739 674 3023 751 mu
3057 676 3250 750 m.
3305 675 3443 751 nr.

1136 828 1342 909 dixit
1392 855 1668 906 omnes
1726 827 1919 908 velle
1990 826 2543 933 obtemperare
2581 824 2804 903 .votis
2875 824 3037 904 suis
3061 886 3080 922 ‚
3149 821 3450 904 addens
3525 835 3818 904 tamen‘
3850 845 3931 904 et

1138 964 1592 1073 supplicans
1654 981 1741 1042 ut
1767 1025 1786 1061 ,
1857 961 2050 1044 dum
2113 960 2411 1042 rediret
2467 961 2849 1062 Parisiuffl,
2911 987 3172 1043 secum
3242 961 3398 1040 hoc
3447 957 3924 1040 deliberaret

1141 1102 1548 1182 maturius.

2108 1243 2693 1325 CAPITULUM
2743 1245 2923 1321 XII.

1988 1457 2075 1516 De
2099 1467 2295 1516 ‘morte
2324 1457 2638 1538 cardinalis
2670 1455 3090 1516 Lauduuensis.

1251 1668 1692 1770 Antequam
1740 1677 2003 1740 tamen
2036 1689 2176 1739 nex
2211 1659 2618 1740 accederet
2642 1659 2742 1738 de
2767 1660 3088 1738 civitate
3115 1661 3490 1740 Remensi
3510 1724 3528 1759 ,
3578 1663 3740 1771 jam
3769 1695 3935 1745 ear-

1137 1800 1479 1881 dinalem·
1512 1797 2117 1922 Laudunensem
2152 1799 2410 1906 gravis
2445 1799 2897 1903 arripuerat
2925 1795 3349 1904 ⁴egritudm
3387 1816 3470 1877 et
3505 1800 3937 1912 aliquantis

1139 1937 1416 2018 diebus
1468 1938 2059 2045 ingravescente
2113 1929 2432 2030 dolore,
2485 1933 2697 2013 diem
2752 1934 3092 2042 signavit
3143 1933 3549 2034 ultimum;
3605 1956 3685 2016 et
3736 1940 3849 2019 sic
3890 1969 3936 2019 a

1140 2073 1416 2154 surore
1456 2081 1537 2154 et
1575 2070 2043 2188 inexpiabili
2085 2065 2274 2151 odio
2318 2085 2788 2184 patruorum
2829 2071 3039 2186 regis
3074 2098 3253 2150 eum
3283 2052 3682 2194 *Dominus
3733 2074 3933 2160 libe-

1145 2215 1370 2293 ravit.
1411 2211 1933 2324 Oppinantur
1959 2207 2329 2292 nonnulli
2363 2235 2544 2288 eum
2575 2235 2882 2290 veneno
2911 2204 3100 2288 dato
3137 2208 3535 2309 interisse;
3562 2232 3922 2292 asserunt

1146 2368 1230 2430 et‘
1262 2351 1520 2458 ipsum
1569 2350 1849 2429 milites
1891 2347 2239 2430 volentes
2292 2364 2642 2432 actorem
2685 2344 3043 2442 maleficii
3098 2346 3434 2426 vinculis
3478 2350 3929 2456 mancipare
4047 2423 4058 2430 .

1144 2505 1222 2566 et
1269 2483 1850 2566 homicidarum
1909 2485 2078 2593 lege
2142 2481 2242 2563 ad
2303 2511 2547 2591 penas
2589 2510 2865 2589 rapere
2906 2480 3252 2579 debitas,
3313 2510 3503 2563 voce
3562 2500 3640 2562 et
3689 2511 3932 2565 manu

1142 2624 1689 2732 prohibuisse,
1752 2624 1945 2703 dum
1997 2626 2084 2701 in
2139 2624 2512 2716 extremis
2560 2619 3005 2717 laboraret3
3050 2621 3491 2728 iterumque
3560 2648 3802 2702 orans
3856 2641 3935 2701 et

1144 2778 1422 2868 petens
1474 2779 1568 2840 ut
1607 2751 1757 2867 pro
1817 2758 2171 2839 remedio
2223 2761 2484 2838 ani-me
2544 2784 2688 2837 ωε
2744 2758 3058 2865 plenior
3097 2757 3320 2837 fieret
3385 2756 3888 2866 indulgencia
3910 2821 3929 2856 ,

1144 2928 1290 2979 nec
1318 2896 1420 2978 ad
1457 2915 1792 2996 mortem
1822 2915 1911 2978 et<
1932 2923 2253 3005 presens
2293 2897 2591 2976 factum
2625 2897 3156 3003 imputaretur
3208 2894 3640 3004 postulasse
3673 2898 3928 2976 enixe.

1148 3037 1249 3114 Et
1290 3036 1401 3114 sic
1441 3034 1896 3115 condicioni
1940 3033 2397 3115 mortalium
2432 3010 2916 3115 satisfaciens
2940 3096 2959 3131 ,
3003 3037 3214 3115 viam
3267 3036 3625 3114 universe
3666 3037 3926 3114 carnis

1149 3173 1544 3281 ingressus
1562 3190 1702 3252 est.
1726 3162 1970 3281 Cujus
1989 3200 2281 3280 corpus
2307 3174 2516 3275 circa
2543 3172 2824 3251 festum
2859 3173 3110 3251 sancti
3133 3170 3459 3251 Martini
3489 3164 3931 3280 hyepmalis

1148 3305 1247 3387 ad
1296 3310 1862 3389 monasterium
1920 3310 2172 3391 sancti
2226 3306 2553 3393 Martini
2597 3305 2697 3387 de
2739 3307 3093 3417 CampiS,
3163 3305 3380 3419 quod
3438 3309 3608 3417 ipse
3665 3324 3930 3388 aucto-
4025 3400 4026 3403 Ἴ

1051 3454 1054 3458 “
1147 3442 1378 3525 ritate
1439 3447 1706 3553 papali
1756 3443 2193 3555 regendum
2250 3463 2697 3552 susceperat
2720 3505 2740 3541 ,
2794 3441 3140 3523 delatum
3195 3461 3313 3523 est
3355 3461 3434 3523 et
3482 3445 3923 3524 honorifice

1151 3582 1570 3689 sepultum.

2037 3724 2692 3805 CAPITULUM
2761 3727 3019 3804 x111.

2056 4000 2057 4003 ,
2124 3938 2214 3996 De
2244 3937 2503 3996 moribus
2538 3936 2743 3999 Karoli
2774 3938 2947 4025 regis·

1261 4144 1496 4223 Anno
1523 4142 1765 4251 igitur
1790 4144 2047 4253 gracie
2070 4132 2488 4227 millesimo
2523 4144 3072 4225 trecentesimo
3101 4146 3587 4254 octogesimo
3617 4162 3926 4243 octav0‚

1146 4309 1285 4360 rex
1325 4254 1704 4381 Karolus,
1726 4258 2202 4363 ⁸vicesimum
2245 4282 2590 4389 primum
2633 4310 2932 4361 annum
2961 4311 3227 4392 agens,
3261 4282 3473 4389 solus
3508 4283 3802 4390 incepit
3840 4285 3924 4362 in

1147 4420 1479 4531 scepssuiis
1520 4447 1749 4529 agere
1793 4437 1871 4499 et
1911 4448 2079 4505 rem
2120 4416 2530 4531 publicam
2561 4415 2660 4503 ad
2706 4435 2991 4529 nutum
3030 4408 3495 4535 disponere,
3545 4448 3713 4508 non
3751 4422 3924 4533 sine

1145 4557 1505 4647 omnium
1531 4550 2110 4663 regnicolarum
2127 4556 2422 4654 favore,
2449 4557 2999 4665 quiattenoius
3023 4560 3460 4645 Dominum
3484 4556 3925 4645 exat-'abiam

1142 4710 1230 4773 ut
1262 4691 1363 4773 de
1384 4692 1944 4803 juveniliemoe
1970 4692 2077 4777 ad
2106 4693 2414 4777 virilem
2442 4696 2790 4777 virtuose
2809 4696 3378 4808 pertransiret„
3397 4692 3926 4785 adcmfiaeio-

1142 4855 1326 4951 nem
1359 4828 1707 4912 hosfium
1746 4848 1833 4913 et
1880 4831 2107 4940 regni
2147 4828 2656 4913 conandum
2728 4850 2809 4912 et
2849 4833 3274 4915 honorem:
3309 4830 3926 4938 ‘Cireurinpecto
