4666 6014
1150 622 1293 693 732
1606 588 2284 692 canonicoRUM
2336 603 2689 678 KAnom
2742 603 3028 676 snx'rl
3078 604 3255 680 un.
3311 604 3486 680 ΧΠ.

2097 861 2784 943 CAPITULUM
2849 865 2998 946 VI.

1906 1097 1996 1157 De
2028 1098 2335 1158 nativitate
2368 1097 2569 1158 Karoli
2600 1097 2708 1157 filii
2737 1098 2890 1179 regis
2920 1096 3186 1158 Francie.

1274 1330 1562 1409 Mensis
1590 1327 1975 1406 februarii
2015 1345 2232 1406 sexta
2278 1326 2408 1406 die
2433 1388 2452 1424 ‚
2495 1355 2649 1436 que
2686 1327 2845 1406 fuit
2879 1325 3048 1406 dies
3088 1325 3365 1404 martis
3389 1385 3409 1422 ‚
3448 1326 3656 1404 circa
3695 1328 3955 1407 conti-

1162 1469 1461 1548 cinium
1522 1468 1780 1546 noctis
1806 1462 2075 1562 ,dum
2116 1493 2256 1543 rex
2314 1463 2665 1545 Karolus
2723 1465 2806 1543 in
2860 1461 3110 1543 domo
3162 1463 3380 1570 regia
3433 1464 3686 1541 sancti
3728 1459 3946 1542 Pauli

1162 1606 1412 1716 quieti
1453 1599 1934 1709 indulgeret,
1968 1589 2271 1680 ibidem
2304 1602 2618 1709 peperit
2658 1601 2731 1678 ei
2776 1599 3025 1678 filium
3063 1617 3575 1707 peroptatum
3603 1598 3946 1679 dilectis-

1164 1742 1359 1819 sima
1387 1767 1593 1818 uxor
1624 1765 1764 1816 sua
1786 1737 2173 1816 Ysabellis
2191 1798 2210 1834 ‚
2244 1736 2720 1816 venerabilis
2754 1738 3056 1843 regina.
3096 1737 3276 1843 Ipsa
3305 1752 3387 1815 et
3417 1734 3691 1815 eadem
3719 1737 3944 1836 hora,

1166 1904 1319 1986 qua
1370 1874 1472 1953 ad
1521 1892 1785 1979 ortum
1828 1875 2045 1980 regia
2101 1865 2364 1980 proles
2417 1875 2839 1980 processit,
2883 1873 2967 1951 in
3014 1872 3323 1952 cunctis
3362 1872 3705 1951 ecclesiis
3754 1874 3948 1952 civi-

1169 2013 1352 2090 tatis
1396 2010 1856 2088 Parisiensis
1888 2009 2150 2117 gracie
2191 2011 2365 2087 Deo
2413 2007 2918 2089 devotissime
2950 2026 3122 2088 acte
3163 2026 3512 2107 sunt‚*et
3556 2008 3944 2116 pulsanti-

1169 2148 1320 2226 bus
1357 2148 1774 2253 campanis
1792 2206 1828 2242 ‚„
1855 2162 1947 2224 ut
1982 2146 2287 2247 cunctis
2332 2148 2865 2225 innotesceret
2893 2143 3090 2256 quid
3132 2147 3320 2225 novi
3362 2173 3506 2224 nec
3549 2146 3945 2225 immerito

1169 2312 1344 2362 cum
1389 2283 1610 2361 omni
1641 2282 1896 2362 leticia
1927 2280 2679 2390 amplectandumin
2722 2282 2923 2360 urbe
2950 2280 3363 2379 accidisse,
3408 2281 3508 2362 de
3539 2284 3950 2362 nativitate

1169 2417 1501 2498 infantis
1552 2445 1913 2498 cursores
1963 2421 2163 2525 regii
2211 2447 2404 2497 mox
2460 2417 2742 2497 directi
2788 2447 2968 2498 oras
3015 2419 3243 2526 regni
3291 2420 3598 2526 ingenti
3658 2417 3947 2526 gaudio

1170 2556 1368 2661 jussi
1397 2572 1585 2634 sunt
1614 2553 2116 2662 perfundere.
2143 2556 2322 2655 Que
2353 2573 2444 2634 ut
2477 2556 2561 2634 in
2590 2554 2771 2633 villa
2803 2555 3225 2634 Parisiensi
3258 2555 3647 2653 innotuit,
3675 2582 3948 2635 omnes

1169 2693 1581 2803 utriusque
1629 2720 1861 2771 sexus
1902 2692 2214 2771 nobiles
2253 2710 2336 2769 et
2385 2691 2776 2798 ignobiles
2800 2752 2820 2789 ‚
2861 2692 3203 2771 accensis
3242 2692 3770 2770 luminaribus
3807 2719 3951 2800 per

1171 2830 1559 2935 compita,
1605 2857 1787 2907 cum
1831 2829 2317 2906 musicorum
2359 2827 2783 2934 generibus
2825 2830 3543 2906 instrumentorum
3590 2828 3827 2908 variis
3869 2845 3949 2906 et

1172 2963 1540 3044 cantibus
1581 2960 2048 3043 admirande
2093 2964 2501 3043 suavitatis
2551 2963 3103 3057 consonanciis
3136 2961 3535 3044 distinctis
3572 2963 3947 3045 artificia-

1173 3101 1384 3217 libus
1427 3118 1872 3180 statuerunt
1919 3128 2308 3180 exercere.
2349 3099 2756 3200 Quamdiu
2789 3103 3034 3180 eciam
3068 3118 3233 3180 nox
3268 3099 3619 3199 duravit,
3663 3101 3950 3181 choree

1181 3237 1580 3344 virginum
1615 3239 1943 3316 minime
1977 3234 2476 3335 deffuerunt‚
2509 3255 2588 3315 et
2610 3237 3113 3345 hystrionum
3145 3216 3785 3345 gesticulaciones
3810 3237 3950 3318 ad-

1170 3374 1603 3452 miracione
1646 3372 1911 3481 digne.
1951 3374 2047 3451 In
2083 3373 2521 3484 quadriviis
2569 3374 2858 3453 iterum
2904 3375 3129 3481 plebs
3181 3373 3583 3454 altissonis
3621 3374 3946 3455 vocibus

1171 3504 1440 3588 laudes
1494 3512 1750 3616 regias
1804 3508 2333 3608 declamabat,
2394 3528 2474 3590 et
2531 3538 2676 3618 per
2724 3513 2944 3590 vicos
2993 3539 3261 3591 mense
3306 3513 3672 3619 apposite
3718 3528 3949 3591 erant

1171 3646 1359 3722 vino
1392 3661 1472 3723 et
1501 3644 1909 3752 speciebus
1944 3646 2264 3739 referte,
2307 3675 2504 3754 quas
2546 3644 2869 3726 domine
2918 3664 2998 3727 et
3038 3646 3445 3727 domicelle
3492 3674 3949 3755 summeque

1172 3783 1663 3860 auctoritatis
1718 3782 2012 3863 femine
2060 3783 2439 3863 omnibus
2485 3783 3228 3892 pertranseuntibus
3284 3783 3619 3864 dulciter
3670 3785 3947 3864 minis-

1171 3918 1520 3997 trabant.

1286 4052 1661 4163 Sequenti
1705 4052 2117 4161 igiturdie
2151 4056 2386 4164 joviS,
2418 4084 2598 4134 cum
2636 4056 3010 4134 luminari
3050 4057 3359 4165 ingenti
3401 4057 3501 4139 ad
3540 4056 3951 4139 ecclesiam
4028 4120 4035 4125 -

1173 4192 1746 4296 parrochialem
1787 4193 2035 4271 sancti
2069 4191 2288 4271 Pauli
2322 4193 2586 4273 infans
2624 4195 2884 4301 regius
2920 4193 3304 4274 deffertur
3327 4223 3549 4276 sacro
3583 4197 3946 4276 crismate

1139 4326 1608 4427 liniendus,
1651 4348 1731 4407 et
1767 4328 1921 4408 hoc
1955 4327 2054 4408 de
2107 4357 2352 4409 manu
2395 4330 2973 4438 archiepiscopi
3015 4331 3496 4411 Senonensis
3521 4395 3540 4429 ,
3584 4334 3724 4444 qui
3763 4362 3946 4413 eum

1171 4492 1425 4572 prope
1464 4465 2015 4573 baptisterium
2048 4494 2229 4545 cum
2261 4464 2531 4546 decem
2572 4465 2897 4574 prelatis
2940 4468 3114 4546 aliis
3156 4470 3399 4548 sacris
3430 4458 3778 4548 vestibus
3818 4471 3942 4547 in—

1172 4597 1384 4679 dutis
1432 4599 1921 4708 expectabat.
1962 4601 2067 4680 Ut
2115 4601 2542 4682 solemnius
2587 4603 2965 4710 baptismi
3009 4622 3585 4685 sacramentum
3629 4605 3919 4685 confer·

1174 4753 1419 4833 retur,
1468 4738 1709 4818 multe
1765 4738 2178 4848 utriusque
2238 4766 2467 4818 sexus
2523 4756 2889 4847 potentes
2951 4757 3030 4820 et
3088 4769 3392 4821 summe
3453 4743 3951 4823 auctoritatis
