4666 6014
1045 677 1190 747 384
1523 667 2205 743 CHRONICORUM
2257 667 2610 742 KAROLI
2660 669 2946 745 SEXTI
2994 675 3170 746 LIB.
3224 674 3347 749 vl.

1042 851 1194 931 pro
1228 823 1448 901 bono
1503 823 1616 899 rei
1665 820 1982 928 publice
2041 839 2179 900 aut
2236 824 2568 902 veritate
2609 824 2997 904 catholica
3054 824 3607 907 ostendissent.
3660 832 3826 911 Rex

1042 988 1229 1039 vero
1258 955 1588 1038 audiens
1621 955 1843 1071 quod
1873 987 2151 1039 omnes
2183 978 2377 1040 tunc
2410 963 2936 1071 interemptos
2970 991 3136 1042 non
3176 966 3440 1043 minus
3469 995 3708 1077 quam
3741 971 3826 1049 in

1039 1100 1288 1177 tercio
1340 1095 1595 1205 gradu
1635 1095 2366 1206 ‘consanguinitatis
2410 1100 2844 1208 spiculator
2890 1100 3377 1209 attingebat,
3422 1124 3827 1186 execratus

1040 1254 1159 1315 est
1227 1236 1594 1314 seviciam
1672 1233 2199 1314 crudeliorem
2271 1236 2525 1318 beluis
2546 1299 2564 1333 ‚
2644 1266 2820 1317 cum
2893 1266 3038 1317 nec
3105 1240 3402 1346 origini
3482 1269 3619 1320 sue
3682 1272 3827 1323 nec

1039 1375 1377 1482 proprio
1418 1373 1787 1480 sangui-ni
1822 1374 2338 1481 pepercisset,
2382 1390 2460 1452 et
2502 1376 2586 1453 in
2630 1375 2879 1453 oculis
2911 1376 3271 1455 omnium
3305 1374 3825 1461 excidendam

1041 1510 1382 1590 radicem
1426 1511 1633 1589 hanc
1663 1509 2259 1590 incommodam
2285 1509 2703 1620 judicavit,
2747 1515 2861 1592 sic
2897 1508 3117 1624 quod
3161 1512 3486 1595 tandem
3520 1518 3823 1597 occisus

1036 1667 1154 1728 est
1177 1712 1195 1746 ,
1235 1647 1543 1728 fructus
1568 1645 1858 1757 dignos
1891 1677 2029 1728 sue
2065 1647 2675 1729 inhumanitatis
2717 1652 3132 1759 recipiens.

2011 1929 2696 2013 CAPITULUM
2757 1935 2856 2011 X.

1454 2170 1576 2230 Rex
1607 2168 1811 2252 Anglie
1839 2166 2050 2230 frustra
2078 2143 2385 2250 temptavit
2415 2169 2668 2230 Gallicos
2702 2189 3038 2252 expugnare
3070 2172 3131 2228 in
3162 2170 3384 2231 Scoeiu.

1143 2398 1614 2498 Richardus‚
1650 2427 1789 2479 rex
1824 2401 2310 2510 Anglorum‚
2359 2401 2946 2510 regnicolarum
2989 2401 3516 2511 querimoniis
3557 2399 3815 2507 pulsa-

1031 2552 1193 2633 tus,
1239 2555 1318 2616 et
1365 2537 1573 2616 ultra
1614 2567 1855 2649 quam
1895 2537 2113 2619 credi
2163 2556 2434 2647 posset
2477 2538 3175 2646 impacientissime
3209 2536 3476 2616 ferens
3515 2553 3815 2644 strages

1027 2691 1431 2770 cruentaS,
1484 2675 1801 2784 rapinas
1842 2692 1922 2753 et
1961 2674 2330 2754 incendia
2379 2692 2617 2786 atque
2673 2674 3022 2782 dampna
3086 2674 3407 2754 insolita
3468 2672 3813 2752 Gallicos

1028 2812 1469 2890 exercuisse
1536 2812 1622 2889 in
1688 2839 1939 2919 regno
1962 2873 1980 2910 ‚
2040 2809 2140 2890 ad
2219 2839 2501 2892 eorum
2567 2811 2802 2891 finale
2862 2812 3422 2891 exterminium
3479 2826 3814 2922 quantas

1023 2948 1292 3054 potuit
1315 2965 1855 3057 pugnatorum
1887 2950 2157 3060 copias
2193 2950 2730 3059 congregavit.
2779 2948 2889 3028 Ut
2918 2964 3178 3028 autem
3212 2943 3817 3055 expedicionem

939 3062 946 3075 ¹
1025 3081 1387 3163 bellicam
1410 3083 1827 3165 clariorem
1861 3084 2256 3184 redderet,
2286 3115 2433 3196 per
2463 3083 2889 3198 quemdam
2921 3086 3359 3194 preliorum
3389 3111 3812 3194 preconem

1023 3223 1286 3331 apices
1323 3220 1620 3303 direxit
1651 3219 2114 3319 admirallo;
2157 3242 2237 3303 et
2264 3225 2627 3335 quamvis
2658 3225 2744 3304 in
2786 3221 3204 3330 superficie
3237 3221 3815 3329 benignitatem

1017 3357 1583 3465 pretendentes
1613 3359 2000 3439 scriberet
2025 3361 2333 3439 Dilecto
2358 3362 2591 3439 militi
2614 3358 2694 3437 F
2685 3362 2954 3439 rancie
2966 3360 3323 3437 Iohanni
3341 3359 3440 3438 de
3467 3360 3806 3452 Vienna,

1015 3494 1226 3587 infra
1296 3511 1562 3574 tamen
1584 3558 1603 3593 ,
1668 3513 1855 3605 post
1918 3497 2375 3605 ampulosos
2441 3526 2850 3577 sermones
2916 3514 3212 3576 statum
3273 3496 3338 3574 F
3342 3497 3606 3575 rancie
3671 3495 3811 3574 de-

1020 3633 1495 3739 primentes,
1537 3633 1689 3713 sub
1737 3631 2217 3742 compendio
2257 3632 2415 3712 tale
2458 3635 3163 3713 comminatorium
3196 3631 3652 3711 tonitruum
3689 3660 3811 3710 se·

917 3792 924 3797 ·
1012 3768 1453 3880 quebatur:
1495 3804 1533 3843 <c
1568 3770 2023 3849 Temen-arie
2062 3770 2664 3883 presumpcioni
2725 3798 2894 3849 non
2942 3769 3343 3848 immerito
3396 3767 3808 3848 ascribatis

1025 3941 1061 3977 «
1093 3906 1503 4018 hucusque
1574 3908 2042 4017 gallicanam
2106 3906 2604 3987 ferocitatem
2690 3903 3094 4002 dilatasse,
3177 3907 3517 3984 scientes
3587 3903 3809 4017 quod

1026 4078 1062 4115 «
1096 4043 1308 4124 illate
1352 4044 1646 4156 injurie
1699 4046 1951 4126 inulte
1991 4044 2776 4139 non-remanebunt,
2822 4044 3247 4153 quoniam,
3286 4041 3491 4140 ‘vivit
3541 4040 3813 4119 Domi-

1023 4218 1062 4255 «
1095 4211 1278 4281 nm,
1312 4184 1530 4285 infra
1560 4186 1831 4283 breve,
1874 4202 2277 4297 quotquot
2314 4184 2467 4265 sub
2501 4185 2751 4292 signis
2795 4182 3074 4262 vestris
3106 4179 3454 4261 militant
3485 4197 3623 4260 aut
3653 4183 3814 4259 An-

1023 4354 1061 4393 «
1092 4320 1407 4430 glorum
1439 4321 1901 4405 victricibus
1942 4320 2223 4429 gladiis
2263 4320 2830 4430 subjacebunt,
2868 4315 3101 4398 velud
3124 4317 3454 4396 *inutiles
3486 4316 3811 4395 arbores

1024 4491 1062 4530 ε(
1091 4452 1589 4555 succidendi,
1636 4475 1773 4537 aut
1803 4454 2123 4538 deducti
2167 4461 2253 4538 in
2289 4456 2881 4567 desperacionis
2926 4454 3359 4539 baratrum„
3378 4482 3461 4533 se
3498 4450 3810 4549 dabunt

1023 4630 1060 4668 «
1096 4595 1521 4705 precipites
1563 4596 1649 4674 in
1683 4598 1922 4674 armis
1949 4598 1975 4639 ¹
2019 4594 2538 4704 voraginibus
2570 4591 3113 4674 suffocandos.
3150 4627 3186 4665 >›

1099 4853 1114 4875 ⁸
1145 4848 1286 4903 Var.
1309 4871 1320 4896 .-
1354 4860 1416 4905 ιι·
1437 4848 1597 4926 5960,
1615 4851 1712 4908 sol.
1731 4851 1804 4919 64
1821 4871 1894 4923 v„
1919 4870 1977 4908 se
1999 4851 2214 4908 dabunt
2239 4852 2538 4928 precipites
2556 4856 2789 4908 marinis·
2814 4849 3171 4925 voraginibus
3197 4845 3560 4902 suffocandos.
