4666 6014
1137 627 1282 702 ‘736
1591 617 2274 694 GHRDNICORUM
2325 615 2681 692 KARom
2724 616 3039 692 SEXTL
3060 617 3237 689 ΠΒ.
3289 615 3457 689 xll.

1264 773 1393 851 Sic
1463 768 1700 848 rebus
1776 769 1928 847 rite
1986 766 2365 875 peractis,
2426 770 2636 850 circa
2694 765 3048 847 medium
3124 762 3709 874 kadragesime‚
3773 794 3913 846 rex

1140 912 1204 989 F
1205 909 1470 990 rancie
1516 905 1990 1014 peculiarem
2045 919 2473 1012 patronum
2524 904 2845 986 beatum
2884 901 3354 1011 Dyom'sium
3407 903 3697 982 iterum
3736 903 3914 981 visi-

1142 1046 1369 1142 tavit3
1413 1061 1490 1123 et
1517 1040 1707 1121 inde
1735 1036 2064 1121 tendens
2101 1039 2544 1121 Picardiam
2576 1044 2661 1119 in
2696 1039 3118 1120 Corbeiam
3147 1038 3557 1136 remansit,
3591 1039 3917 1148 premit-

1138 1199 1313 1262 tens
1368 1181 1506 1289 qui
1556 1178 1710 1258 sibi
1758 1194 2046 1257 statum
2103 1178 2619 1284 Anglicorum
2677 1177 3275 1259 adveniencium
3330 1177 3765 1256 nunciaret.
3818 1176 3913 1256 In

1134 1318 1438 1427 prefata
1498 1316 1678 1394 villa
1751 1341 2073 1393 manens
2124 1314 2702 1395 solemnitatem
2766 1312 3445 1394 Annunciacionis
3518 1311 3915 1393 dominice

1134 1456 1555 1564 episcopus
1609 1452 1859 1538 sancti
1907 1448 2225 1530 Andree
2264 1450 2536 1531 Scocie
2589 1479 2854 1534 coram
2905 1478 3003 1530 eo
3068 1449 3531 1548 celebravit3
3591 1452 3917 1560 ipsaque

1135 1590 1411 1670 eadem
1446 1589 1575 1669 die
1604 1587 1934 1669 audiens
1967 1587 2343 1694 Anglicos
2380 1591 2960 1700 propinquare,
2992 1586 3171 1671 loco
3203 1585 3486 1666 cedens
3506 1648 3526 1685 ,
3559 1616 3704 1696 per
3732 1617 3916 1696 por-

1137 1747 1297 1808 tam
1333 1727 1853 1806 Parisiensem
1882 1724 2150 1806 villam
2195 1725 2805 1808 Ambianensem
2851 1726 3129 1808 statuit
3167 1724 3466 1805 intrare
3505 1752 3689 1805 cum
3736 1753 3914 1805 suo-

1137 1895 1314 1944 rum
1360 1882 1524 1943 tam
1562 1889 1953 1970 pomposo
2008 1880 2437 1970 apparatu,
2489 1891 2580 1942 ac
2635 1863 2702 1941 si
2749 1861 2848 1943 de
2887 1863 3157 1942 multis
3198 1862 3547 1943 hostium
3598 1862 3914 1943 milibus

1138 2001 1725 2109 triumphasset.
1763 1999 2130 2108 Equestri
2149 2000 2366 2080 enim
2392 1997 2678 2079 ordine
2704 2016 2783 2079 et
2819 2000 3159 2079 inermes
3185 2001 3773 2109 sagittariorum
3793 2001 3910 2080 vis

1136 2139 1516 2220 immensa
1540 2132 2053 2244 precedebat3
2088 2162 2289 2245 quos
2314 2133 2767 2220 immediate
2796 2136 3330 2245 sequebantur
3360 2135 3670 2216 domini
3691 2136 3913 2245 Regi·

1135 2271 1418 2358 naldus
1453 2270 1555 2352 de
1599 2274 1815 2380 Raya
1844 2289 1926 2356 et
1973 2270 2454 2380 Reginaldus
2514 2270 2613 2352 de
2662 2272 2876 2381 Trya
2900 2335 2918 2369 ‚
2961 2271 3426 2356 decuriones
3475 2275 3715 2382 regii,
3771 2277 3909 2386 qui

1137 2438 1412 2489 omnes
1449 2410 1863 2490 scutiferos
1903 2407 2428 2489 deducebant.
2478 2409 2549 2488 T
2550 2413 2765 2488 ercio
2795 2436 3115 2520 quoque
3146 2409 3431 2491 ordine
3467 2411 3757 2490 milites
3788 2441 3911 2490 us-

1137 2573 1291 2659 que
1326 2546 1427 2627 ad
1468 2546 1629 2625 duo
1668 2548 1885 2626 milia
1921 2544 2479 2644 succedebant3
2516 2575 2717 2656 quos
2763 2564 2844 2627 et
2880 2547 3392 2628 victoriarum
3428 2575 3811 2657 precones
3832 2567 3910 2628 et

1136 2685 1355 2763 mimi
1397 2687 1574 2763 cuin
1609 2685 2156 2764 instrumentis
2185 2685 2504 2764 musicis
2532 2682 2866 2763 dulciter
2894 2685 3450 2766 resonantibus
3477 2687 3910 2798 sequeban-

1139 2838 1294 2900 tur.
1341 2820 1538 2910 Inde
1581 2820 1685 2901 ad
1721 2824 1926 2929 regis
1976 2821 2419 2903 custodiam
2452 2825 2818 2932 armigeri
2858 2823 3297 2934 specialiter
3344 2820 3737 2932 deputati,
3769 2826 3904 2936 qui

1138 2956 1506 3038 clamides
1566 2975 1644 3036 et
1691 2947 2154 3039 ornamenta
2204 2959 2420 3069 regia
2472 2960 2869 3059 ferebant,
2928 2959 3098 3040 bini
3156 2977 3235 3041 et
3293 2961 3467 3041 bini
3518 2962 3908 3052 civitatem

1137 3112 1325 3173 sunt
1355 3095 1709 3201 ingressi.
1755 3095 1854 3175 Et
1885 3111 2069 3204 post
2107 3122 2241 3174 eos
2288 3098 2487 3204 regii
2516 3098 2984 3195 marescalli,
3016 3096 3468 3179 admirallus
3500 3117 3592 3179 et
3630 3127 3905 3179 cones-

1136 3230 1612 3327 tabularius,
1679 3247 1762 3311 et
1825 3228 2016 3311 inde
2071 3233 2145 3311 N
2152 3234 2613 3315 iverniensis
2683 3263 2943 3316 comes
3010 3236 3409 3337 Johannes
3431 3297 3451 3334 ,
3522 3255 3906 3343 cognatus

1135 3368 1339 3474 regis
1358 3428 1378 3463 ,
1449 3366 1656 3449 filius
1715 3366 1944 3449 ducis
2009 3369 2468 3476 Burgundio
2495 3434 2514 3470 ‚
2576 3390 2657 3453 et
2715 3371 3167 3459 Lndovicus
3220 3373 3544 3452 Bavarie
3571 3434 3591 3469 ‚
3660 3372 3906 3453 frater

1135 3504 1406 3610 regine
1461 3504 1794 3583 Francie
1816 3564 1835 3600 ,
1889 3507 2027 3614 qui
2081 3505 2445 3587 nundum
2505 3511 2835 3589 accincti
2880 3528 3117 3588 erant
3172 3508 3491 3589 baltheo
3544 3509 3903 3606 militari,

1131 3642 1394 3755 ipsum
1436 3666 1701 3748 regem
1737 3642 1907 3719 sine
1943 3641 2206 3721 medio
2260 3642 2814 3751 precedebant.
2848 3646 3035 3725 'Rex
3068 3672 3255 3725 vero
3301 3648 3470 3753 ipse
3503 3674 3681 3725 cum
3724 3674 3906 3755 rege

1133 3776 1504 3854 Armenie
1576 3778 1681 3855 ab
1738 3776 1908 3856 aliis
1973 3778 2547 3887 aliquantulum
2611 3799 3063 3890 segregatus
3118 3781 3525 3879 introivit3
3586 3799 3666 3862 et
3722 3801 3906 3890 post

1132 3904 1396 4023 ipsum*
1435 3898 1604 4023 ‚ejus
1650 3912 1913 4023 patrui
1950 3932 2030 3993 et
2070 3944 2345 3995 omnes
2397 3919 2534 4028 qui
2593 3917 2692 3996 de
2744 3914 2986 4005 domo
3037 3918 3369 4008 Francie
3419 3917 3900 4015 existebant,

1129 4047 1414 4167 bini-et
1444 4044 1618 4127 bin'i
1652 4030 2058 4150 ordinate3
2092 4036 2291 4162 quos
2321 4054 2571 4132 eciam
2602 4052 2763 4134 duo
2794 4072 2872 4134 et
2902 4056 3187 4165 viginti
3219 4055 3501 4163 prelati
3535 4083 3711 4132 cum
3740 4048 3904 4134 fere

1129 4185 1692 4295 innumerabili
1711 4187 2026 4295 ,populo
2060 4190 2374 4298 sequuti
2406 4178 2616 4270 sunt.

1217 4322 1413 4409 ‚Jam
1451 4322 1774 4433 jamque
1810 4320 1974 4401 dux
2025 4325 2478 4407 Lencastrie
2526 4329 3010 4411 accelerabat
3052 4332 3339 4410 venire.
3385 4333 3902 4440 Quapropter

1126 4486 1265 4539 rex
1287 4460 1579 4556 ,celeri
1640 4461 2068 4542 refectione
2109 4438 2487 4574 sumpta}
2510 4467 2806 4551 Biturie
2854 4484 3092 4578 atque
3151 4469 3608 4577 Burgundie
3644 4470 3901 4557 duces

1129 4596 1442 4676 obviam
1496 4599 1567 4675 ei
1602 4599 2000 4705 premisit,
2052 4604 2190 4715 qui
2235 4631 2503 4682 versus
2533 4603 2935 4683 Justiciam
2984 4603 3164 4684 ville
3211 4605 3473 4715 ipsum
3520 4636 3703 4689 cum
3741 4612 3902 4690 suis

1129 4733 1480 4841 Anglicis
1542 4734 2040 4817 accedentem
2091 4756 2704 4851 expectaverunt
2767 4740 3230 4853 aliquandiu
3280 4743 3483 4853 pede
3530 4744 3715 4826 fixo.
3752 4748 3898 4825 'Hii
