4666 6014
1078 636 1223 707 565
1539 624 2223 752 CHROMCORUM
2273 623 2632 699 lunum
2678 619 2965 701 sssxvl
2991 625 3190 701 1513.
3240 625 3376 701 IX.

1080 753 1159 866 et
1198 786 1265 864 si
1296 781 1665 887 deinceps
1708 776 2254 858 munifieeneie
2302 777 2418 857 sic
2451 779 2876 860 excesserit
2916 776 3306 877 medium,
3357 796 3450 859 ut
3481 807 3528 858 a
3562 778 3864 862 cunctis

1082 921 1475 1000 diceretur
1505 913 1723 1026 quod
1751 914 1863 993 nil
1899 912 2057 993 sibi
2096 914 2493 994 retinebat
2522 931 2786 1022 pretet·
2812 914 3333 1024 dispensandi
3364 925 3861 1024 potestatem,

1080 1060 1315 1137 alieni
1346 1073 1613 1136 tamen
1636 1053 1968 1132 minime
2004 1051 2372 1161 cupidus,
2408 1079 2553 1132 nec
2584 1052 3089 1134 ecclesiarum
3121 1052 3468 1133 vexabat·
3487 1054 3869 1163 patrimo·-

1080 1173 1252 1292 nia,
1291 1221 1437 1273 nec
1475 1191 2013 1298 subjectorum
2034 1252 2054 1288 ,
2088 1213 2309 1268 more
2332 1185 2690 1298 prodigi,
2731 1188 3261 1271 insidiabatur
3288 1191 3748 1301 opulenciis.

1197 1334 1447 1410 Pauca
1492 1347 1750 1409 tamen
1780 1326 2146 1406 nubilosa
2178 1327 2555 1434 preclaris
2583 1326 2944 1408 moribus
2974 1317 3506 1436 derogabant,
3533 1332 3867 1409 et'tanto

1083 1465 1781 1578 reprehensibilius
1823 1482 2125 1574 quanto
2157 1466 2327 1572 ipse
2369 1491 2655 1573 genere
2684 1464 3120 1573 preclarior
3150 1483 3342 1545 erat.
3387 1467 3594 1546 Nam
3626 1484 3718 1546 ut
3746 1468 3866 1546 vi-
3919 1447 3922 1450 ¹

1084 1611 1292 1687 ciose
1334 1579 1801 1714 propaginis
1843 1618 1922 1681 et
1965 1602 2220 1710 prime
2263 1600 2837 1681 maledictionis
2877 1601 3247 1714 heredem
3289 1632 3373 1684 se
3423 1632 3588 1683 non
3631 1600 3866 1684 dubi-

1085 1760 1288 1822 taret
1308 1804 1326 1839 ,
1373 1741 1632 1821 carnis
1671 1738 1985 1820 lubrico
2027 1755 2303 1817 contra
2347 1738 2838 1816 matrimonii
2878 1738 3373 1818 honestatem
3424 1736 3719 1840 dieitur
3755 1739 3869 1818 lae-

1087 1882 1447 1975 borasse‚
1495 1879 1605 1956 ita
1649 1896 1914 1956 tamen
1959 1894 2046 1956 ut
2086 1876 2388 1955 nemini
2422 1871 2877 1955 scandalum
2919 1874 3181 1972 fieret,
3227 1875 3424 1956 nulli
3465 1878 3584 1956 vis
3609 1937 3631 1975 ,
3672 1876 3871 1958 nulli

1087 2018 1437 2096 enormis
1466 2013 1957 2121 infligeretur
1978 2012 2297 2121 injuria.
2323 2013 2778 2091 Priscorum
2790 2014 3371 2092 ‘morem‘eciam
3401 2039 3571 2092 non
3602 2013 3874 2093 obser-

1086 2147 1530 2249 vans·,'rar0
1552 2169 1651 2230 et
1677 2177 1857 2231 cum
1897 2146 2405 2257 displicencia
2444 2148 2726 2227 habitu
2767 2149 3052 2257 regali,
3087 2150 3439 2258 epitogio
3471 2147 3766 2230 seilicet
3793 2165 3872 2229 et
4002 2144 4012 2162 '

1092 2291 1317 2371 talari
1361 2291 1662 2386 tunica,
1716 2287 2127 2386 utebatur,
2183 2283 2319 2367 sed
2372 2285 2925 2370 indifferenter
2982 2305 3072 2367 ut
3113 2285 3580 2367 decuriones
3634 2290 3870 2367 ceteri

1090 2427 1489 2509 olosericis
1523 2423 1848 2504 indutus
1870 2487 1888 2522 ,
1926 2441 2004 2504 et
2038 2452 2253 2503 nunc
2286 2423 2830 2503 Bohemanum
2871 2454 3086 2504 nune
3115 2423 3583 2505 Alemanum
3610 2453 3692 2504 se
3720 2425 3871 2504 fin-

1091 2594 1319 2673 genS,
1360 2565 1603 2642 eciam
1625 2624 1644 2660 ,
1689 2559 1906 2670 quod
1946 2560 2500 2669 progenitores
2522 2561 3141 2670 reprehensibile
3181 2562 3661 2673 reputabant
3689 2579 3871 2669 post

1093 2679 1550 2783 unctionem
1601 2717 2080 2808 susceptam,
2139 2697 2561 2777 hastiludia
2614 2716 2694 2779 et
2725 2699 2904 2806 joca
2951 2699 3322 2778 militaria
3347 2700 3569 2807 justo
3610 2701 3870 2806 sepius

1092 2838 1530 2920 exercebat.
1566 2839 1683 2916 A¹
1728 2893 1944 2916 ........
1998 2852 2257 2914 autem
2301 2837 2463 2914 vite
2514 2864 2650 2915 sue
2710 2837 3129 2944 peregrina
3172 2853 3251 2915 et
3287 2835 3707 2916 incurabili
3751 2836 3875 2913 in-

1094 2978 1467 3056 firmitate
1496 2972 1869 3054 laborans
1890 3034 1910 3069 ,
1958 2973 2220 3080 sepius
2253 2989 2518 3052 mente
2561 2989 2836 3080 eaptus
2853 3035 2878 3071 ,
2918 2974 3379 3082 ignei-uncie
3419 2971 3872 3054 involveba-

1097 3134 1227 3194 tur
1262 3111 1634 3193 tenebriS.
1677 3110 1808 3188 Nil
1849 3126 2147 3205 tamen,
2180 3108 2283 3187 ad
2308 3110 2520 3188 hane
2541 3107 2896 3206 rediens,
2926 3108 3266 3192 ducebat
3306 3113 3875 3220 precipitanter

1095 3249 1488 3359 agendum
1506 3310 1526 3345 ‚
1572 3247 1709 3327 sed
1743 3248 2010 3325 omnia
2039 3244 2347 3354 judicio
2377 3244 3010 3326 consiliariorum
3048 3248 3588 3328 submittebat.

1970 3506 2661 3595 CAPITULUM
2731 3506 2966 3598 XIV.

1101 3727 1232 3787 rose
1260 3744 1544 3786 recessum
1570 3738 1906 3806 paramum
1936 3691 2086 3807 iugis
2117 3725 2280 3785 multi
2328 3727 2474 3806 regii
2501 3726 2766 3785 omnine,
2795 3708 3126 3800 mmm,
3154 3738 3212 3786 et
3237 3726 3416 3785 muu-
3460 3724 3536 3784 ad
3568 3724 3870 3785 militatem

2206 3828 2370 3911 regni
2394 3841 2750 3891 statumini-„—
3601 3830 3612 3841 ’

1217 4009 1343 4092 Ad
1383 4013 1823 4120 hystoriam
1863 4014 2150 4090 iterum
2181 4010 2447 4090 stilum
2492 4010 2872 4092 reducens
2896 4073 2915 4109 ,
2957 4040 3219 4122 regem
3252 4041 3681 4122 regressum
3733 4014 3876 4093 Pa-

1107 4154 1340 4231 risius
1358 4151 1538 4261 ‚ejus
1570 4153 1834 4258 patrui
1873 4149 2137 4259 multis
2179 4148 2438 4231 modis
2473 4149 2964 4232 induxerunt
2998 4171 3088 4234 ut
3123 4172 3463 4235 mutaret
3500 4156 3879 4267 proposi-

1107 4304 1299 4365 tum.
1346 4290 1454 4365 At
1490 4286 1630 4365 ubi
1668 4288 1755 4364 in
1794 4310 2083 4365 vanum
2122 4314 2206 4366 se
2241 4288 2746 4397 conspiciunt
2772 4288 3160 4390 laborare,
3203 4288 3305 4370 ad
3345 4310 3877 4375 commentum

1106 4424 1547 4531 practicam
1577 4440 2190 4504 sse-convertunt:
2222 4452 2438 4504 nunc
2465 4424 2777 4507 labores
2805 4445 2884 4507 et
2911 4456 3156 4509 onera
3181 4444 3511 4510 narrant
3540 4433 3626 4510 in
3665 4432 3879 4538 regia

1106 4564 1455 4640 tuicione
1476 4580 1862 4669 ‘perpessa
1887 4621 1906 4657 ,
1938 4586 2151 4641 nunc
2183 4561 2714 4642 substanciam
2753 4568 3162 4675 propriam
3203 4567 3711 4649 subinferunt
3745 4594 3881 4648 ex..-

1187 4776 1197 4795 ⁸
1240 4767 1288 4829 11
1315 4785 1552 4842 manque
1572 4767 1642 4822 ici
1660 4785 1740 4821 un
1759 4765 2029 4822 motdans
2052 4765 2104 4823 le
2128 4774 2190 4821 ἠΰ
2218 4768 2384 4842 5958,
2413 4769 2508 4825 fol.
2539 4787 2608 4844 70
2627 4789 2679 4825 r.
