4666 6014
1104 648 1197 717 20
1618 632 2296 710 CHRONICORUM
2348 628 2704 704 KAROLI
2753 626 3036 699 SEXTI
3087 625 3265 698 LIB.
3321 622 3386 695 1.

1105 790 1343 896 hujus
1387 789 1682 894 gentis,
1719 783 1918 871 adeo
1950 780 2487 893 precipitabat
2516 775 2773 861 libido
2797 838 2815 875 ‚
2859 795 2952 857 ut
2985 774 3413 856 nonnullas
3441 770 3899 883 juvenculas

1106 922 1598 1031 signaculum
1652 918 2002 1029 puellare
2058 921 2464 1026 integrum
2526 917 2959 996 retinentes
3013 925 3632 1021 constuprarent
3685 907 3897 986 illata

1107 1059 1517 1139 violencia.
1573 1057 1933 1135 Fuerunt
1986 1057 2237 1134 eciam
2287 1083 2492 1165 quos
2544 1054 2797 1133 latens
2853 1050 3133 1132 odium
3190 1052 3278 1129 in
3327 1045 3719 1156 ignobiles
3783 1073 3904 1122 ac-

1110 1193 1498 1276 cendebat
1521 1255 1539 1290 ,
1574 1195 1715 1305 qui
1744 1194 2198 1273 exactiones
2242 1193 2496 1300 regias
2535 1190 2774 1271 titulo
2813 1188 3359 1270 subsidiorum
3405 1182 3904 1264 introductas

1110 1332 1410 1412 solvere
1459 1330 1778 1436 penitus
1842 1328 2342 1408 recusabant.
2396 1327 2440 1406 J
2443 1329 2892 1439 amjamque
2961 1327 3159 1434 regii
3216 1341 3622 1403 exactores
3691 1318 3905 1427 apud

1112 1462 1700 1575 Compendium
1733 1483 1812 1544 et
1851 1468 1937 1545 in
1970 1462 2333 1544 Picardie
2374 1464 2740 1573 partibus
2761 1525 2781 1561 ‚
2829 1481 2910 1542 et
2942 1463 3083 1573 qui
3114 1460 3470 1569 gabelam
3500 1457 3683 1537 salis
3704 1518 3723 1554 ‚
3754 1457 3904 1535 im·-

1112 1604 1606 1715 posicionem
1639 1602 2001 1680 omnium
2035 1629 2306 1682 rerum
2340 1599 2772 1697 venalium,
2805 1614 3182 1711 quartum
3207 1597 3457 1675 eciam
3491 1597 3901 1689 vinorum,

1111 1768 1470 1849 egressus
1511 1754 1592 1817 et
1634 1738 2013 1817 introitus
2055 1736 2426 1816 villarum
2468 1736 2909 1843 rigorosius
2948 1734 3185 1814 solito
3238 1731 3707 1841 repetebant
3731 1791 3749 1826 ‚
3805 1728 3904 1807 de

1112 1874 1615 1985 temporibus
1644 1874 1955 1983 elapsis,
1987 1903 2034 1953 a
2064 1873 2270 1953 villis
2293 1892 2374 1953 et
2399 1871 2735 1981 villagiis
2767 1872 3304 1981 ignominiose
3334 1870 3565 1980 ejecti
3588 1867 3908 1947 fuerant

1114 2033 1194 2093 et
1235 2015 1653 2092 minaciter
1701 2011 1994 2090 moniti
2032 2039 2134 2089 ne
2185 2010 2363 2118 plus
2401 2026 2972 2118 attemptarent
3010 2006 3296 2087 similia
3319 2067 3339 2102 ,
3383 2006 3556 2083 Deo
3585 1988 3905 2112 'gracias

1112 2168 1433 2259 agentes
1463 2148 1685 2261 quod
1713 2165 1793 2229 et
1816 2176 2058 2245 nunc,
2091 2164 2427 2257 propter
2459 2146 2854 2231 honorem
2879 2146 3113 2253 regis,
3147 2143 3433 2222 mortis
3468 2140 3904 2267 periculum

1115 2285 1580 2366 evadebant.

1245 2448 1660 2548 Quantum
1701 2475 1847 2556 per
1890 2475 2230 2557 regnum
2262 2449 2601 2526 Francie
2654 2446 3108 2527 libertatem
3151 2449 3488 2558 quisque
3519 2445 3906 2524 libencius

1117 2584 1546 2694 appetebat
1584 2601 1682 2662 et
1728 2584 2010 2693 jugum
2063 2581 2613 2664 subsidiorum
2669 2601 3036 2664 excutere
3059 2645 3078 2682 ‚
3137 2600 3454 2663 tantum
3491 2578 3909 2661 ardencius

1116 2719 1391 2798 furore
1438 2718 1891 2827 agitabatur
1937 2720 2216 2818 simili3
2271 2717 2490 2799 unde
2535 2720 2879 2799 Parisius
2920 2717 3242 2799 ducenti
3301 2735 3381 2798 et
3429 2746 3527 2798 eo
3569 2717 3909 2826 amplius

1119 2857 1271 2934 viri
1314 2883 1412 2934 ex
1462 2855 1886 2964 abjectiori
1942 2855 2174 2965 plebe
2229 2857 2628 2936 Palacium
2672 2856 2935 2965 regale
2967 2856 3151 2936 ilico
3192 2853 3596 2952 adierunt,
3644 2881 3912 2933 secum

1121 2994 1623 3102 prepositum
1661 3011 2193 3074 mercatorum
2219 3057 2237 3092 ,
2273 2994 2721 3074 Johannem
2760 2992 3066 3086 dictum
3108 2992 3414 3091 Cudoe,
3461 2993 3723 3073 virum
3751 2991 3911 3070 uti-

1122 3159 1276 3241 que
1320 3129 1771 3210 modestum
1814 3150 1894 3210 et
1935 3134 2260 3212 emerite
2301 3130 2534 3231 fidei,
2574 3132 2984 3213 nolentem
3036 3132 3710 3238 reluctantemque
3732 3191 3751 3226 ‚
3810 3127 3910 3207 ad

1123 3264 1406 3345 ducem
1448 3285 1852 3375 regentem
1898 3287 2233 3378 propter
2269 3268 2424 3348 hoc
2466 3266 2998 3349 adduxerunt.
3043 3265 3169 3347 Ad
3209 3268 3433 3380 cujus
3470 3268 3912 3374 ingressum

1123 3432 1305 3482 cum
1344 3401 1509 3483 dux
1543 3406 1932 3484 attonitus
1984 3423 2353 3518 quereret
2394 3434 2537 3486 cur
2578 3424 2743 3484 tam
2789 3404 3251 3486 inordinate
3302 3422 3564 3513 preter
3607 3430 3914 3482 morem

1121 3537 1569 3619 advenisset
1594 3601 1613 3636 ‚
1670 3539 1895 3620 flexis
1947 3526 2286 3649 genibus
2346 3541 2765 3652 respondit
2788 3605 2807 3640 ‚
2858 3543 3400 3622 necessitatem
3449 3539 3701 3648 legem
3750 3567 3917 3616 non

1122 3677 1423 3756 habere
1444 3737 1462 3772 ,
1506 3704 1745 3788 seque
1799 3679 2102 3787 populo
2154 3679 2471 3759 furente
2522 3698 2881 3760 coactum
2929 3678 3565 3788 supplicaturum
3617 3678 3921 3756 venisse

1120 3831 1213 3892 ut
1252 3813 1534 3922 jugum
1583 3816 2126 3913 exactionum,
2157 3814 2381 3927 quod
2423 3845 2564 3896 rex
2601 3814 3025 3896 defunctus
3062 3815 3273 3894 ferre
3310 3830 3677 3921 coegerat
3706 3829 3787 3890 et
3832 3813 3916 3886 in

1124 3951 1600 4029 immensum
1676 3968 2003 4031 auxerat
2027 4013 2045 4050 ‚
2123 3972 2482 4034 censeret
2559 3954 2877 4060 penitus
2952 3951 3302 4049 aboleri,
3370 3947 3917 4055 multipliciter

1125 4084 1555 4166 ostendens
1592 4086 1814 4199 quod
1857 4086 2047 4168 inde
2084 4090 2308 4198 plebs
2351 4089 2995 4169 intollerabiliter
3025 4087 3529 4197 gravabatur.
3556 4083 3714 4162 Vix
3750 4112 3918 4163 ver-

1124 4220 1249 4299 bis
1301 4222 1542 4302 finem
1604 4221 1974 4325 dederat,
2017 4256 2200 4307 cum
2240 4229 2691 4307 assistentes
2743 4226 3085 4306 clamore
3138 4221 3480 4304 terribili
3541 4221 3696 4301 hoc
3748 4250 3916 4300 non

1123 4358 1459 4467 amplius
1507 4361 1907 4443 soluturos
1957 4364 2561 4463 cla1naverunt,-
2583 4392 2821 4476 seque
2860 4361 3113 4442 milies
3159 4363 3437 4471 pocius
3478 4362 3914 4439 morituros

1124 4523 1364 4606 quam
1423 4515 1514 4576 ut
1571 4516 1881 4580 tantum
1942 4499 2282 4581 dedecus
2343 4520 2584 4613 atque
2622 4499 3064 4610 dampnum
3103 4497 3418 4579 admitti
3471 4499 3912 4607 paciantur.

1115 4631 1359 4731 Quod
1429 4633 1595 4714 dux
1652 4634 2072 4717 attendens
2144 4640 2457 4735 timuit,
2523 4640 2937 4750 sciensque
3014 4634 3515 4718 multitudini
3582 4634 3911 4714 confuse

1118 4770 1367 4849 nichil
1398 4775 1851 4881 promptius
1886 4776 2141 4853 inesse
2161 4803 2403 4886 quam
2429 4776 2841 4885 inopinate
2859 4776 2964 4859 ab
2989 4773 3406 4857 iracundia
3429 4770 3529 4853 ad
3558 4773 3917 4852 facinora
