4666 6014
1172 672 1313 745 660
1633 661 2312 736 CHRONICORUM
2363 657 2717 746 KAROLJ
2766 655 3049 730 81⁴:le
3097 654 3275 728 Lm.
3329 649 3464 724 xl.

1285 816 1387 895 Et
1424 844 1520 895 ex
1556 830 1747 893 tunc
1775 810 2067 891 urbani
2113 838 2301 890 cura
2343 810 2722 917 precipua
2761 807 3026 889 locum
3065 803 3170 885 de
3205 819 3439 882 nocte
3479 815 3561 878 et
3601 795 3733 878 die
3763 825 3941 878 cus·

1172 949 1602 1047 todient'e5‚
1647 947 2103 1057 depputatis
2131 946 2580 1026 alternatim
2612 943 2981 1052 vigilibus
3001 1005 3023 1040 ,
3047 960 3129 1022 et
3154 940 3309 1050 ipsi
3337 937 3493 1049 maj
3505 964 3684 1018 ores
3711 935 3941 1015 urbis

1170 1090 1507 1169 vicissim
1534 1085 2100 1166 nichilominus
2131 1082 2664 1164 custodientes
2685 1082 3017 1190 vigiliaS,
3051 1078 3308 1159 menia
3341 1074 3937 1186 perlustrantes,

1171 1243 1443 1316 noctes
1463 1253 1559 1303 ex
1586 1241 1812 1333 parte
1836 1222 2175 1329 plurima
2203 1222 2663 1328 insompnes
2683 1220 3001 1298 trahere
3022 1219 3517 1325 inceperunt.
3536 1208 3944 1312 Quamdiu

1170 1361 1416 1441 eciam
1470 1364 1555 1440 in
1598 1357 2022 1439 obsidione
2076 1374 2540 1437 manserunt
2590 1355 3046 1450 christiani,
3104 1351 3516 1432 Sarraceni
3570 1350 3711 1457 qui
3770 1374 3939 1466 non

1169 1496 1406 1605 longe
1446 1496 1548 1575 ab
1592 1492 1887 1574 eisdem
1941 1494 2283 1572 fixerant
2335 1495 2716 1589 tentoria,
2768 1491 3037 1572 subito
3096 1504 3637 1594 erumpenteS,
3681 1484 3760 1562 in
3804 1510 3941 1561 eos

1169 1633 1716 1741 potentissime
1755 1632 2312 1740 insurgebant,
2352 1649 2431 1710 et
2456 1630 2959 1740 frequencius
3000 1657 3185 1709 cum
3211 1642 3534 1734 augeret
3577 1623 3748 1703 sitis
3787 1624 3931 1699 im-

1171 1771 1750 1878 portunitatem
1790 1787 1869 1848 et
1907 1770 2231 1876 angoris
2271 1769 2709 1880 geminaret
2741 1766 3183 1846 molestiam
3223 1760 3587 1843 meridiei
3631 1758 3943 1839 intolle-

1170 1905 1441 1985 rabilis
1473 1907 1660 1986 solis
1693 1904 1959 2002 ardor,
2003 1905 2232 2012 labor
2271 1933 2591 2016 quoque
2631 1905 3061 1984 continuus
3100 1901 3444 2010 pectoris
3484 1895 3939 1996 ariditatem

1167 2060 1661 2149 provocaret.
1696 2042 1896 2149 Sepe
1920 2044 2209 2122 iterum
2238 2070 2418 2121 cum
2450 2043 2537 2120 in
2567 2041 2836 2120 hostes
2864 2056 3328 2119 nostrorum
3353 2036 3557 2116 acies
3587 2035 3933 2141 impetus

1173 2176 1419 2258 facere
1449 2180 1939 2276 nitebantur,
1982 2195 2062 2258 et
2087 2180 2380 2258 virtute
2426 2177 2838 2292 missilium
2866 2176 3387 2286 pellerentur,
3436 2171 3549 2250 illi
3581 2167 3932 2279 agilitate

1167 2314 1393 2393 solita
1476 2312 1880 2395 dissolutis
1954 2315 2410 2422 agminibus
2450 2376 2470 2412 ,
2540 2332 3002 2394 nostrorum
3067 2310 3475 2393 eludentes
3552 2324 3885 2388 conatus
3912 2366 3932 2402 ,

1166 2477 1402 2529 cursu
1431 2453 1802 2557 precipiti
1834 2469 1914 2530 et
1941 2452 2230 2559 *procul
2274 2449 2529 2531 dubio
2559 2453 2783 2560 equis
2830 2450 3358 2531 velocioribus
3389 2441 3930 2553 comparando

1165 2586 1267 2667 ad
1297 2585 1606 2668 diversa
1632 2587 2119 2668 ferebantur.
2159 2588 2459 2668 Iterum
2490 2589 2785 2667 nostris
2814 2588 2901 2667 in
2927 2588 3203 2667 castris
3231 2614 3313 2667 se
3340 2584 3933 2694 recipientibus„
4046 2639 4054 2648 -

1169 2706 1322 2822 illi,
1366 2728 1684 2834 agmina
1726 2719 2224 2825 revocantes,
2271 2745 2407 2804 eos
2454 2728 2694 2805 armis
2744 2742 3071 2805 onustos
3116 2723 3488 2833 gravibus
3543 2750 3791 2832 usque
3836 2718 3938 2800 ad

1168 2890 1402 2940 naves
1432 2862 1847 2969 fugabant,
1879 2890 2047 2941 non
2075 2864 2246 2941 sine
2275 2859 2629 2970 dampno
2667 2862 3126 2944 multorum.
3160 2861 3263 2941 Et
3296 2862 3653 2969 quamvis
3692 2858 3929 2940 nudis

1170 2999 1517 3106 vestigiis
1563 2996 1920 3106 predicta
1970 2999 2219 3106 prelia
2259 3017 2744 3098 exercenteS‚
2784 3000 3073 3079 tunicis
3121 2998 3590 3079 bumbicino
3624 2997 3934 3079 refertis

1171 3163 1321 3241 pro
1354 3136 1620 3214 loricis
1649 3135 1926 3214 ferreis
1959 3152 2399 3235 uterentur,
2446 3135 2741 3242 pluries
2779 3155 3042 3217 tamen
3075 3134 3599 3217 ostenderunt
3642 3164 3809 3216 non
3850 3136 3937 3214 in

1170 3272 1741 3380 refulgentibus
1778 3272 2017 3352 armis
2067 3275 2443 3353 virtutem
2482 3250 2921 3354 'consistere
2963 3273 3410 3353 militarem.
3460 3264 3665 3353 Nam
3708 3273 3934 3353 multi

1169 3411 1476 3517 sagittis
1508 3428 1728 3510 trans
1766 3409 2191 3519 precordia
2214 3410 2602 3510 confossi,
2634 3439 2882 3522 usque
2911 3408 3013 3490 ad
3050 3411 3407 3490 ultimam
3447 3410 3937 3490 exinanicio-

1172 3573 1356 3644 nem
1402 3548 1815 3656 sanguinis
1855 3547 2060 3627 ictus
2110 3547 2202 3626 in·
2240 3546 2718 3655 christianos
2761 3566 3222 3656 retorquere
3259 3550 3585 3628 minime
3613 3547 3946 3627 desiste·

1171 3682 1390 3762 bant.
1451 3682 1801 3785 Quidam
1863 3680 2225 3763 transfixi
2293 3682 2619 3792 gladiis,
2694 3712 2839 3765 nec
2901 3684 3231 3765 audacia
3298 3684 3691 3781 destituti,
3751 3683 3934 3763 illos

1172 3804 1499 3899 ulterius
1564 3819 2008 3899 voluntarie
2074 3819 2640 3927 penetrabant,
2696 3839 2788 3900 ut
2846 3821 3391 3929 impingentes
3443 3816 3900 3899 occiderent
3921 3881 3940 3916 ,

1170 3974 1591 4066 antequam
1668 3959 2041 4067 spiritum
2115 3957 2542 4037 exalarent.
2615 3955 2860 4057 Quod
2926 3961 3307 4069 quociens
3381 3956 3898 4065 contingebat
3916 4019 3936 4054 ,

1173 4096 1412 4174 ceteri
1462 4094 2016 4191 accurrebant,
2061 4112 2150 4173 ut
2180 4092 2598 4174 efferentes
2639 4093 3050 4205 cadavera,
3081 4125 3171 4175 ea
3211 4114 3590 4207 tanquam
3630 4096 3738 4176 ob
3776 4124 3955 4176 rem-

1171 4211 1648 4313 laudabilem
1701 4259 1920 4312 more
1956 4259 2104 4313 suo
2132 4222 2313 4312 cum
2342 4230 2833 4312 funeralibus
2871 4234 3226 4342 exequiis
3257 4233 3697 4315 honorifice
3729 4262 3944 4343 sepe-

1174 4369 1438 4449 lirent.
2558 4344 2563 4349 l
2820 4354 2825 4361 ’

1284 4507 1619 4587 Interim
1659 4525 1927 4595 tamen
1963 4506 2160 4589 dum
2188 4510 2681 4588 incursiones
2718 4508 3041 4591 hostiles
3081 4509 3495 4590 christiani
3546 4511 3934 4618 potentis-

1169 4644 1365 4722 sime
1401 4644 1989 4754 propulsarent,
2020 4645 2382 4725 nolentes
2412 4647 2995 4755 pretermittere
3018 4646 3237 4759 quod
3267 4644 3815 4756 principaliter
3838 4663 3952 4725 at-

1170 4796 1556 4888 temptare
1595 4780 2145 4882 decreverant,
2190 4783 2526 4864 nuncios
2562 4783 2831 4892 lingue
2861 4786 3119 4892 patrie
3147 4782 3539 4865 habentes
3568 4778 3951 4865 noticiam
