<?xml version="1.0" encoding="UTF-8"?>
<!DOCTYPE html PUBLIC "-//W3C//DTD XHTML 1.0 Transitional//EN"
    "http://www.w3.org/TR/xhtml1/DTD/xhtml1-transitional.dtd">
<html xmlns="http://www.w3.org/1999/xhtml" xml:lang="en" lang="en">
 <head>
  <title>
</title>
<meta http-equiv="Content-Type" content="text/html;charset=utf-8" />
  <meta name='ocr-system' content='tesseract 3.04.00' />
  <meta name='ocr-capabilities' content='ocr_page ocr_carea ocr_par ocr_line ocrx_word'/>
</head>
<body>
  <div class='ocr_page' id='page_1' title='image "./chroniquedureli00frangoog_0628.png"; bbox 0 0 4666 6014; ppageno 0'>
   <div class='ocr_carea' id='block_1_1' title="bbox 1109 643 3406 731">
    <p class='ocr_par' dir='ltr' id='par_1_1' title="bbox 1109 643 3406 731">
     <span class='ocr_line' id='line_1_1' title="bbox 1109 643 3406 731; baseline -0.003 0"><span class='ocrx_word' id='word_1_1' title='bbox 1109 659 1252 731; x_wconf 76' lang='lat'><strong>604</strong></span> <span class='ocrx_word' id='word_1_2' title='bbox 1597 651 2279 728; x_wconf 87' lang='lat' dir='ltr'>CHRONICORUM</span> <span class='ocrx_word' id='word_1_3' title='bbox 2329 652 2685 726; x_wconf 82' lang='lat' dir='ltr'><strong>KAROLI</strong></span> <span class='ocrx_word' id='word_1_4' title='bbox 2735 649 3022 725; x_wconf 84' lang='lat' dir='ltr'><strong>SEXTI</strong></span> <span class='ocrx_word' id='word_1_5' title='bbox 3070 651 3247 726; x_wconf 90' lang='lat' dir='ltr'><strong>LIB.</strong></span> <span class='ocrx_word' id='word_1_6' title='bbox 3303 643 3406 724; x_wconf 79' lang='lat' dir='ltr'><strong>X.</strong></span> 
     </span>
    </p>
   </div>
   <div class='ocr_carea' id='block_1_2' title="bbox 1064 801 3898 2566">
    <p class='ocr_par' dir='ltr' id='par_1_2' title="bbox 1064 801 3898 2566">
     <span class='ocr_line' id='line_1_2' title="bbox 1109 801 3893 913; baseline -0.001 -26"><span class='ocrx_word' id='word_1_7' title='bbox 1109 806 1387 887; x_wconf 89' lang='lat' dir='ltr'><strong>dorem</strong></span> <span class='ocrx_word' id='word_1_8' title='bbox 1451 803 2096 913; x_wconf 67' lang='lat' dir='ltr'><strong>inextinguibilis</strong></span> <span class='ocrx_word' id='word_1_9' title='bbox 2146 806 2573 913; x_wconf 82' lang='lat' dir='ltr'><strong>probitatis</strong></span> <span class='ocrx_word' id='word_1_10' title='bbox 2632 804 3251 885; x_wconf 86' lang='lat' dir='ltr'><strong>luculentissime</strong></span> <span class='ocrx_word' id='word_1_11' title='bbox 3289 801 3641 884; x_wconf 83' lang='lat' dir='ltr'><strong>ostendit</strong></span> <span class='ocrx_word' id='word_1_12' title='bbox 3691 808 3893 885; x_wconf 84' lang='lat' dir='ltr'><strong>exti-</strong></span> 
     </span>
     <span class='ocr_line' id='line_1_3' title="bbox 1107 939 3893 1051; baseline -0 -27"><span class='ocrx_word' id='word_1_13' title='bbox 1107 948 1316 1024; x_wconf 90' lang='lat' dir='ltr'><strong>tisse.</strong></span> <span class='ocrx_word' id='word_1_14' title='bbox 1384 939 1581 1023; x_wconf 91' lang='lat' dir='ltr'><strong>Inde</strong></span> <span class='ocrx_word' id='word_1_15' title='bbox 1631 942 2070 1051; x_wconf 84' lang='lat' dir='ltr'><strong>procedens</strong></span> <span class='ocrx_word' id='word_1_16' title='bbox 2118 943 2221 1024; x_wconf 85' lang='lat' dir='ltr'><strong>ad</strong></span> <span class='ocrx_word' id='word_1_17' title='bbox 2279 943 2932 1025; x_wconf 83' lang='lat' dir='ltr'><strong>exhortacionem</strong></span> <span class='ocrx_word' id='word_1_18' title='bbox 2991 942 3332 1022; x_wconf 88' lang='lat' dir='ltr'><strong>militum</strong></span> <span class='ocrx_word' id='word_1_19' title='bbox 3361 1005 3379 1041; x_wconf 92' lang='lat'>,</span> <span class='ocrx_word' id='word_1_20' title='bbox 3446 941 3893 1023; x_wconf 83' lang='lat' dir='ltr'><strong>institutam</strong></span> 
     </span>
     <span class='ocr_line' id='line_1_4' title="bbox 1110 1077 3898 1194; baseline -0 -32"><span class='ocrx_word' id='word_1_21' title='bbox 1110 1082 1482 1163; x_wconf 86' lang='lat' dir='ltr'><strong>miliciam</strong></span> <span class='ocrx_word' id='word_1_22' title='bbox 1520 1077 1620 1159; x_wconf 88' lang='lat' dir='ltr'><strong>ad</strong></span> <span class='ocrx_word' id='word_1_23' title='bbox 1662 1109 1862 1190; x_wconf 91' lang='lat' dir='ltr'><strong>opus</strong></span> <span class='ocrx_word' id='word_1_24' title='bbox 1906 1084 2021 1161; x_wconf 89' lang='lat' dir='ltr'><strong>rei</strong></span> <span class='ocrx_word' id='word_1_25' title='bbox 2051 1081 2367 1188; x_wconf 90' lang='lat' dir='ltr'><strong>publice</strong></span> <span class='ocrx_word' id='word_1_26' title='bbox 2394 1144 2413 1182; x_wconf 86' lang='lat'>,</span> <span class='ocrx_word' id='word_1_27' title='bbox 2447 1099 2525 1161; x_wconf 90' lang='lat' dir='ltr'><strong>et</strong></span> <span class='ocrx_word' id='word_1_28' title='bbox 2558 1097 2648 1161; x_wconf 92' lang='lat' dir='ltr'><strong>ut</strong></span> <span class='ocrx_word' id='word_1_29' title='bbox 2687 1080 2817 1160; x_wconf 90' lang='lat' dir='ltr'><strong>illa</strong></span> <span class='ocrx_word' id='word_1_30' title='bbox 2858 1083 3264 1163; x_wconf 89' lang='lat' dir='ltr'><strong>muniatur</strong></span> <span class='ocrx_word' id='word_1_31' title='bbox 3297 1098 3676 1194; x_wconf 87' lang='lat' dir='ltr'><strong>tanquam</strong></span> <span class='ocrx_word' id='word_1_32' title='bbox 3708 1078 3898 1161; x_wconf 85' lang='lat' dir='ltr'><strong>dex-</strong></span> 
     </span>
     <span class='ocr_line' id='line_1_5' title="bbox 1106 1216 3893 1330; baseline -0.001 -30"><span class='ocrx_word' id='word_1_33' title='bbox 1106 1238 1271 1300; x_wconf 82' lang='lat' dir='ltr'><strong>tera</strong></span> <span class='ocrx_word' id='word_1_34' title='bbox 1302 1218 1794 1330; x_wconf 90' lang='lat' dir='ltr'><strong>prepotenti,</strong></span> <span class='ocrx_word' id='word_1_35' title='bbox 1827 1247 2082 1329; x_wconf 89' lang='lat' dir='ltr'><strong>neque</strong></span> <span class='ocrx_word' id='word_1_36' title='bbox 2112 1219 2327 1299; x_wconf 90' lang='lat' dir='ltr'><strong>illam</strong></span> <span class='ocrx_word' id='word_1_37' title='bbox 2358 1216 2874 1300; x_wconf 84' lang='lat' dir='ltr'><strong>exercendam</strong></span> <span class='ocrx_word' id='word_1_38' title='bbox 2905 1220 3078 1299; x_wconf 86' lang='lat' dir='ltr'><strong>sine</strong></span> <span class='ocrx_word' id='word_1_39' title='bbox 3120 1218 3510 1327; x_wconf 86' lang='lat' dir='ltr'><strong>principis</strong></span> <span class='ocrx_word' id='word_1_40' title='bbox 3537 1220 3893 1301; x_wconf 89' lang='lat' dir='ltr'><strong>auctori-</strong></span> 
     </span>
     <span class='ocr_line' id='line_1_6' title="bbox 1103 1353 3892 1463; baseline -0.001 -26"><span class='ocrx_word' id='word_1_41' title='bbox 1103 1376 1297 1456; x_wconf 89' lang='lat' dir='ltr'><strong>tate,</strong></span> <span class='ocrx_word' id='word_1_42' title='bbox 1341 1356 1917 1435; x_wconf 88' lang='lat' dir='ltr'><strong>interveniente</strong></span> <span class='ocrx_word' id='word_1_43' title='bbox 1956 1356 2202 1434; x_wconf 89' lang='lat' dir='ltr'><strong>eciam</strong></span> <span class='ocrx_word' id='word_1_44' title='bbox 2248 1356 2459 1463; x_wconf 87' lang='lat' dir='ltr'><strong>justa</strong></span> <span class='ocrx_word' id='word_1_45' title='bbox 2508 1383 2741 1435; x_wconf 87' lang='lat' dir='ltr'><strong>causa</strong></span> <span class='ocrx_word' id='word_1_46' title='bbox 2781 1382 2870 1435; x_wconf 87' lang='lat' dir='ltr'><strong>ac</strong></span> <span class='ocrx_word' id='word_1_47' title='bbox 2921 1353 3395 1434; x_wconf 86' lang='lat' dir='ltr'><strong>bellancium</strong></span> <span class='ocrx_word' id='word_1_48' title='bbox 3438 1356 3892 1436; x_wconf 86' lang='lat' dir='ltr'><strong>intencione</strong></span> 
     </span>
     <span class='ocr_line' id='line_1_7' title="bbox 1104 1479 3885 1599; baseline 0 -26"><span class='ocrx_word' id='word_1_49' title='bbox 1104 1513 1312 1575; x_wconf 88' lang='lat' dir='ltr'><strong>recta</strong></span> <span class='ocrx_word' id='word_1_50' title='bbox 1341 1556 1359 1591; x_wconf 93' lang='lat'>,</span> <span class='ocrx_word' id='word_1_51' title='bbox 1421 1491 1813 1573; x_wconf 87' lang='lat' dir='ltr'><strong>similibus</strong></span> <span class='ocrx_word' id='word_1_52' title='bbox 1883 1509 1973 1570; x_wconf 92' lang='lat' dir='ltr'><strong>ut</strong></span> <span class='ocrx_word' id='word_1_53' title='bbox 2035 1479 2332 1572; x_wconf 89' lang='lat' dir='ltr'><strong>malum</strong></span> <span class='ocrx_word' id='word_1_54' title='bbox 2397 1494 2688 1572; x_wconf 85' lang='lat' dir='ltr'><strong>vitetur</strong></span> <span class='ocrx_word' id='word_1_55' title='bbox 2748 1491 2865 1572; x_wconf 85' lang='lat' dir='ltr'><strong>vel</strong></span> <span class='ocrx_word' id='word_1_56' title='bbox 2925 1492 3232 1573; x_wconf 88' lang='lat' dir='ltr'><strong>bonum</strong></span> <span class='ocrx_word' id='word_1_57' title='bbox 3295 1511 3885 1599; x_wconf 80' lang='lat' dir='ltr'><strong>promoveatur,</strong></span> 
     </span>
     <span class='ocr_line' id='line_1_8' title="bbox 1096 1613 3887 1740; baseline -0 -28"><span class='ocrx_word' id='word_1_58' title='bbox 1096 1660 1448 1740; x_wconf 86' lang='lat' dir='ltr'><strong>congrue</strong></span> <span class='ocrx_word' id='word_1_59' title='bbox 1476 1626 1826 1709; x_wconf 86' lang='lat' dir='ltr'><strong>ostendit</strong></span> <span class='ocrx_word' id='word_1_60' title='bbox 1856 1628 2124 1709; x_wconf 87' lang='lat' dir='ltr'><strong>multis</strong></span> <span class='ocrx_word' id='word_1_61' title='bbox 2153 1630 2614 1710; x_wconf 86' lang='lat' dir='ltr'><strong>racionibus</strong></span> <span class='ocrx_word' id='word_1_62' title='bbox 2652 1647 2733 1709; x_wconf 89' lang='lat' dir='ltr'><strong>et</strong></span> <span class='ocrx_word' id='word_1_63' title='bbox 2762 1629 3167 1738; x_wconf 83' lang='lat' dir='ltr'><strong>exemplis.</strong></span> <span class='ocrx_word' id='word_1_64' title='bbox 3203 1630 3304 1708; x_wconf 90' lang='lat' dir='ltr'><strong>Et</strong></span> <span class='ocrx_word' id='word_1_65' title='bbox 3325 1658 3507 1709; x_wconf 90' lang='lat' dir='ltr'><strong>cum</strong></span> <span class='ocrx_word' id='word_1_66' title='bbox 3535 1613 3887 1711; x_wconf 83' lang='lat' dir='ltr'><strong>fructum</strong></span> 
     </span>
     <span class='ocr_line' id='line_1_9' title="bbox 1096 1766 3886 1878; baseline -0.002 -27"><span class='ocrx_word' id='word_1_67' title='bbox 1096 1771 1386 1851; x_wconf 87' lang='lat' dir='ltr'><strong>milicie</strong></span> <span class='ocrx_word' id='word_1_68' title='bbox 1440 1767 1953 1876; x_wconf 86' lang='lat' dir='ltr'><strong>multiplicem</strong></span> <span class='ocrx_word' id='word_1_69' title='bbox 2018 1766 2633 1878; x_wconf 85' lang='lat' dir='ltr'><strong>acquirendum,</strong></span> <span class='ocrx_word' id='word_1_70' title='bbox 2690 1769 2757 1847; x_wconf 91' lang='lat' dir='ltr'><strong>si</strong></span> <span class='ocrx_word' id='word_1_71' title='bbox 2809 1768 3014 1849; x_wconf 88' lang='lat' dir='ltr'><strong>bene</strong></span> <span class='ocrx_word' id='word_1_72' title='bbox 3062 1767 3613 1866; x_wconf 87' lang='lat' dir='ltr'><strong>continuetur,</strong></span> <span class='ocrx_word' id='word_1_73' title='bbox 3669 1767 3886 1877; x_wconf 87' lang='lat' dir='ltr'><strong>apud</strong></span> 
     </span>
     <span class='ocr_line' id='line_1_10' title="bbox 1097 1885 3883 2016; baseline -0.001 -28"><span class='ocrx_word' id='word_1_74' title='bbox 1097 1911 1352 1988; x_wconf 90' lang='lat' dir='ltr'><strong>Deum</strong></span> <span class='ocrx_word' id='word_1_75' title='bbox 1394 1923 1473 1987; x_wconf 91' lang='lat' dir='ltr'><strong>et</strong></span> <span class='ocrx_word' id='word_1_76' title='bbox 1524 1906 1923 2002; x_wconf 86' lang='lat' dir='ltr'><strong>homines,</strong></span> <span class='ocrx_word' id='word_1_77' title='bbox 1974 1933 2118 2012; x_wconf 92' lang='lat' dir='ltr'><strong>per</strong></span> <span class='ocrx_word' id='word_1_78' title='bbox 2178 1906 2544 2016; x_wconf 86' lang='lat' dir='ltr'><strong>antiquas</strong></span> <span class='ocrx_word' id='word_1_79' title='bbox 2603 1885 2997 2013; x_wconf 83' lang='lat' dir='ltr'><strong>hystorias</strong></span> <span class='ocrx_word' id='word_1_80' title='bbox 3053 1900 3533 1984; x_wconf 85' lang='lat' dir='ltr'><strong>ostendisset</strong></span> <span class='ocrx_word' id='word_1_81' title='bbox 3567 1921 3652 1984; x_wconf 89' lang='lat' dir='ltr'><strong>et</strong></span> <span class='ocrx_word' id='word_1_82' title='bbox 3689 1933 3883 2011; x_wconf 91' lang='lat' dir='ltr'><strong>pro—</strong></span> 
     </span>
     <span class='ocr_line' id='line_1_11' title="bbox 1064 2039 3882 2150; baseline -0.002 -26"><span class='ocrx_word' id='word_1_83' title='bbox 1064 2045 1394 2142; x_wconf 62' lang='lat' dir='ltr'><strong>basset,</strong></span> <span class='ocrx_word' id='word_1_84' title='bbox 1453 2040 1995 2150; x_wconf 87' lang='lat' dir='ltr'><strong>predicacioni</strong></span> <span class='ocrx_word' id='word_1_85' title='bbox 2048 2042 2287 2121; x_wconf 85' lang='lat' dir='ltr'><strong>finem</strong></span> <span class='ocrx_word' id='word_1_86' title='bbox 2348 2041 2572 2141; x_wconf 84' lang='lat' dir='ltr'><strong>fecit,</strong></span> <span class='ocrx_word' id='word_1_87' title='bbox 2642 2060 2731 2121; x_wconf 90' lang='lat' dir='ltr'><strong>ut</strong></span> <span class='ocrx_word' id='word_1_88' title='bbox 2786 2057 3201 2150; x_wconf 86' lang='lat' dir='ltr'><strong>perageret</strong></span> <span class='ocrx_word' id='word_1_89' title='bbox 3243 2039 3515 2120; x_wconf 86' lang='lat' dir='ltr'><strong>divina</strong></span> <span class='ocrx_word' id='word_1_90' title='bbox 3557 2041 3718 2149; x_wconf 87' lang='lat' dir='ltr'><strong>jam</strong></span> <span class='ocrx_word' id='word_1_91' title='bbox 3763 2044 3882 2119; x_wconf 91' lang='lat' dir='ltr'><strong>in-</strong></span> 
     </span>
     <span class='ocr_line' id='line_1_12' title="bbox 1094 2175 3878 2293; baseline -0.003 -29"><span class='ocrx_word' id='word_1_92' title='bbox 1094 2200 1319 2293; x_wconf 89' lang='lat' dir='ltr'><strong>cepta</strong></span> <span class='ocrx_word' id='word_1_93' title='bbox 1371 2178 1474 2259; x_wconf 92' lang='lat' dir='ltr'><strong>ad</strong></span> <span class='ocrx_word' id='word_1_94' title='bbox 1540 2177 1847 2258; x_wconf 89' lang='lat' dir='ltr'><strong>laudem</strong></span> <span class='ocrx_word' id='word_1_95' title='bbox 1905 2181 2255 2260; x_wconf 90' lang='lat' dir='ltr'><strong>nominis</strong></span> <span class='ocrx_word' id='word_1_96' title='bbox 2329 2180 2675 2277; x_wconf 85' lang='lat' dir='ltr'><strong>Christi,</strong></span> <span class='ocrx_word' id='word_1_97' title='bbox 2741 2197 2820 2259; x_wconf 90' lang='lat' dir='ltr'><strong>et</strong></span> <span class='ocrx_word' id='word_1_98' title='bbox 2884 2197 2973 2258; x_wconf 93' lang='lat' dir='ltr'><strong>ut</strong></span> <span class='ocrx_word' id='word_1_99' title='bbox 3029 2181 3374 2258; x_wconf 89' lang='lat' dir='ltr'><strong>animam</strong></span> <span class='ocrx_word' id='word_1_100' title='bbox 3444 2175 3878 2258; x_wconf 88' lang='lat' dir='ltr'><strong>fidelissimi</strong></span> 
     </span>
     <span class='ocr_line' id='line_1_13' title="bbox 1089 2316 3882 2431; baseline -0.002 -30"><span class='ocrx_word' id='word_1_101' title='bbox 1089 2322 1365 2401; x_wconf 89' lang='lat' dir='ltr'><strong>militis</strong></span> <span class='ocrx_word' id='word_1_102' title='bbox 1412 2319 1833 2399; x_wconf 88' lang='lat' dir='ltr'><strong>Bertranni</strong></span> <span class='ocrx_word' id='word_1_103' title='bbox 1876 2318 2105 2398; x_wconf 90' lang='lat' dir='ltr'><strong>solita</strong></span> <span class='ocrx_word' id='word_1_104' title='bbox 2146 2318 2643 2427; x_wconf 85' lang='lat' dir='ltr'><strong>benignitate</strong></span> <span class='ocrx_word' id='word_1_105' title='bbox 2690 2319 2775 2397; x_wconf 92' lang='lat' dir='ltr'><strong>in</strong></span> <span class='ocrx_word' id='word_1_106' title='bbox 2825 2316 3157 2431; x_wconf 81' lang='lat' dir='ltr'><strong>collegio</strong></span> <span class='ocrx_word' id='word_1_107' title='bbox 3216 2333 3671 2397; x_wconf 88' lang='lat' dir='ltr'><strong>sanctorum</strong></span> <span class='ocrx_word' id='word_1_108' title='bbox 3697 2343 3882 2414; x_wconf 21' lang='lat' dir='ltr'><strong>*sus-</strong></span> 
     </span>
     <span class='ocr_line' id='line_1_14' title="bbox 1090 2443 3144 2566; baseline -0.005 -28"><span class='ocrx_word' id='word_1_109' title='bbox 1090 2460 1387 2566; x_wconf 90' lang='lat' dir='ltr'><strong>ciperet</strong></span> <span class='ocrx_word' id='word_1_110' title='bbox 1417 2452 1978 2536; x_wconf 87' lang='lat' dir='ltr'><strong>collocandam.</strong></span> <span class='ocrx_word' id='word_1_111' title='bbox 3137 2443 3144 2450; x_wconf 76' lang='grc'><strong>’</strong></span> 
     </span>
    </p>
   </div>
   <div class='ocr_carea' id='block_1_3' title="bbox 2039 2714 2905 2801">
    <p class='ocr_par' dir='ltr' id='par_1_3' title="bbox 2039 2714 2905 2801">
     <span class='ocr_line' id='line_1_15' title="bbox 2039 2714 2905 2801; baseline 0.001 -7"><span class='ocrx_word' id='word_1_112' title='bbox 2039 2714 2697 2796; x_wconf 83' lang='lat' dir='ltr'>CAPITULUM</span> <span class='ocrx_word' id='word_1_113' title='bbox 2762 2720 2905 2801; x_wconf 90' lang='lat' dir='ltr'><strong>IV.</strong></span> 
     </span>
    </p>
   </div>
   <div class='ocr_carea' id='block_1_4' title="bbox 1955 2923 2991 2989">
    <p class='ocr_par' dir='ltr' id='par_1_4' title="bbox 1955 2923 2991 2989">
     <span class='ocr_line' id='line_1_16' title="bbox 1955 2923 2991 2989; baseline 0.004 -6"><span class='ocrx_word' id='word_1_114' title='bbox 1955 2924 2043 2984; x_wconf 88' lang='lat' dir='ltr'><strong>De</strong></span> <span class='ocrx_word' id='word_1_115' title='bbox 2070 2923 2321 2985; x_wconf 83' lang='lat' dir='ltr'><strong>secunda</strong></span> <span class='ocrx_word' id='word_1_116' title='bbox 2351 2946 2533 2987; x_wconf 86' lang='lat' dir='ltr'><strong>uxore</strong></span> <span class='ocrx_word' id='word_1_117' title='bbox 2560 2926 2722 2988; x_wconf 85' lang='lat' dir='ltr'><strong>ducis</strong></span> <span class='ocrx_word' id='word_1_118' title='bbox 2751 2926 2991 2989; x_wconf 85' lang='lat' dir='ltr'><strong>Biturie.</strong></span> 
     </span>
    </p>
   </div>
   <div class='ocr_carea' id='block_1_5' title="bbox 1026 3131 3871 3903">
    <p class='ocr_par' dir='ltr' id='par_1_5' title="bbox 1026 3131 3871 3903">
     <span class='ocr_line' id='line_1_17' title="bbox 1202 3131 3870 3239; baseline 0.003 -27"><span class='ocrx_word' id='word_1_119' title='bbox 1202 3132 1431 3213; x_wconf 90' lang='lat' dir='ltr'><strong>Circa</strong></span> <span class='ocrx_word' id='word_1_120' title='bbox 1471 3131 1712 3212; x_wconf 89' lang='lat' dir='ltr'><strong>finem</strong></span> <span class='ocrx_word' id='word_1_121' title='bbox 1751 3135 2043 3212; x_wconf 86' lang='lat' dir='ltr'><strong>mensis</strong></span> <span class='ocrx_word' id='word_1_122' title='bbox 2099 3135 2323 3231; x_wconf 87' lang='lat' dir='ltr'><strong>maii,</strong></span> <span class='ocrx_word' id='word_1_123' title='bbox 2376 3131 2749 3214; x_wconf 88' lang='lat' dir='ltr'><strong>dominus</strong></span> <span class='ocrx_word' id='word_1_124' title='bbox 2804 3135 3245 3235; x_wconf 88' lang='lat' dir='ltr'><strong>Johannes‚</strong></span> <span class='ocrx_word' id='word_1_125' title='bbox 3310 3133 3472 3218; x_wconf 77' lang='lat' dir='ltr'><strong>dux</strong></span> <span class='ocrx_word' id='word_1_126' title='bbox 3528 3139 3827 3221; x_wconf 89' lang='lat' dir='ltr'><strong>Biturie</strong></span> <span class='ocrx_word' id='word_1_127' title='bbox 3851 3204 3870 3239; x_wconf 89' lang='lat'>‚</span> 
     </span>
     <span class='ocr_line' id='line_1_18' title="bbox 1089 3270 3869 3386; baseline 0.003 -34"><span class='ocrx_word' id='word_1_128' title='bbox 1089 3274 1295 3381; x_wconf 84' lang='lat' dir='ltr'><strong>regis</strong></span> <span class='ocrx_word' id='word_1_129' title='bbox 1337 3271 1669 3351; x_wconf 88' lang='lat' dir='ltr'><strong>Francie</strong></span> <span class='ocrx_word' id='word_1_130' title='bbox 1704 3288 2038 3379; x_wconf 89' lang='lat' dir='ltr'><strong>patruus</strong></span> <span class='ocrx_word' id='word_1_131' title='bbox 2060 3331 2081 3371; x_wconf 90' lang='lat'>‚</span> <span class='ocrx_word' id='word_1_132' title='bbox 2124 3271 2440 3352; x_wconf 89' lang='lat' dir='ltr'><strong>comitis</strong></span> <span class='ocrx_word' id='word_1_133' title='bbox 2473 3270 2800 3353; x_wconf 91' lang='lat' dir='ltr'><strong>Bolonie</strong></span> <span class='ocrx_word' id='word_1_134' title='bbox 2833 3272 3078 3354; x_wconf 87' lang='lat' dir='ltr'><strong>filiam</strong></span> <span class='ocrx_word' id='word_1_135' title='bbox 3115 3293 3194 3357; x_wconf 91' lang='lat' dir='ltr'><strong>et</strong></span> <span class='ocrx_word' id='word_1_136' title='bbox 3232 3274 3605 3359; x_wconf 86' lang='lat' dir='ltr'><strong>heredem</strong></span> <span class='ocrx_word' id='word_1_137' title='bbox 3639 3280 3869 3386; x_wconf 86' lang='lat' dir='ltr'><strong>legit-</strong></span> 
     </span>
     <span class='ocr_line' id='line_1_19' title="bbox 1026 3407 3871 3521; baseline 0.003 -33"><span class='ocrx_word' id='word_1_138' title='bbox 1026 3514 1029 3517; x_wconf 9' lang='lat'>*</span> <span class='ocrx_word' id='word_1_139' title='bbox 1085 3412 1361 3489; x_wconf 90' lang='lat' dir='ltr'><strong>timam</strong></span> <span class='ocrx_word' id='word_1_140' title='bbox 1395 3425 1870 3521; x_wconf 87' lang='lat' dir='ltr'><strong>neptemque</strong></span> <span class='ocrx_word' id='word_1_141' title='bbox 1899 3409 2213 3488; x_wconf 88' lang='lat' dir='ltr'><strong>comitis</strong></span> <span class='ocrx_word' id='word_1_142' title='bbox 2245 3408 2310 3488; x_wconf 95' lang='lat' dir='ltr'>F</span> <span class='ocrx_word' id='word_1_143' title='bbox 2312 3409 2485 3506; x_wconf 80' lang='lat' dir='ltr'><strong>uxi,</strong></span> <span class='ocrx_word' id='word_1_144' title='bbox 2518 3407 3020 3517; x_wconf 81' lang='lat' dir='ltr'><strong>juvenculam</strong></span> <span class='ocrx_word' id='word_1_145' title='bbox 3048 3410 3642 3521; x_wconf 87' lang='lat' dir='ltr'><strong>pulchritudine</strong></span> <span class='ocrx_word' id='word_1_146' title='bbox 3670 3417 3871 3496; x_wconf 88' lang='lat' dir='ltr'><strong>insi-</strong></span> 
     </span>
     <span class='ocr_line' id='line_1_20' title="bbox 1087 3542 3871 3660; baseline 0.002 -32"><span class='ocrx_word' id='word_1_147' title='bbox 1087 3575 1319 3657; x_wconf 87' lang='lat' dir='ltr'><strong>gnem</strong></span> <span class='ocrx_word' id='word_1_148' title='bbox 1347 3609 1367 3645; x_wconf 89' lang='lat'><strong>,</strong></span> <span class='ocrx_word' id='word_1_149' title='bbox 1425 3547 1511 3625; x_wconf 90' lang='lat' dir='ltr'><strong>in</strong></span> <span class='ocrx_word' id='word_1_150' title='bbox 1551 3546 1734 3625; x_wconf 86' lang='lat' dir='ltr'><strong>villa</strong></span> <span class='ocrx_word' id='word_1_151' title='bbox 1784 3545 2257 3626; x_wconf 89' lang='lat' dir='ltr'><strong>Bituricensi</strong></span> <span class='ocrx_word' id='word_1_152' title='bbox 2318 3542 2866 3655; x_wconf 84' lang='lat' dir='ltr'><strong>desponsavit3</strong></span> <span class='ocrx_word' id='word_1_153' title='bbox 2932 3548 3035 3629; x_wconf 92' lang='lat' dir='ltr'><strong>de</strong></span> <span class='ocrx_word' id='word_1_154' title='bbox 3080 3578 3235 3660; x_wconf 92' lang='lat' dir='ltr'><strong>qua</strong></span> <span class='ocrx_word' id='word_1_155' title='bbox 3297 3568 3560 3633; x_wconf 91' lang='lat' dir='ltr'><strong>tamen</strong></span> <span class='ocrx_word' id='word_1_156' title='bbox 3613 3554 3871 3635; x_wconf 91' lang='lat' dir='ltr'><strong>nullos</strong></span> 
     </span>
     <span class='ocr_line' id='line_1_21' title="bbox 1080 3680 3871 3786; baseline 0.002 -22"><span class='ocrx_word' id='word_1_157' title='bbox 1080 3686 1363 3766; x_wconf 87' lang='lat' dir='ltr'><strong>habuit</strong></span> <span class='ocrx_word' id='word_1_158' title='bbox 1419 3683 1748 3784; x_wconf 64' lang='lat' dir='ltr'><strong>liberm,</strong></span> <span class='ocrx_word' id='word_1_159' title='bbox 1798 3700 1910 3783; x_wconf 88' lang='lat' dir='ltr'><strong>et,</strong></span> <span class='ocrx_word' id='word_1_160' title='bbox 1955 3700 2046 3764; x_wconf 87' lang='lat' dir='ltr'><strong>ut</strong></span> <span class='ocrx_word' id='word_1_161' title='bbox 2084 3680 2490 3765; x_wconf 88' lang='lat' dir='ltr'><strong>addebant</strong></span> <span class='ocrx_word' id='word_1_162' title='bbox 2539 3686 2951 3786; x_wconf 87' lang='lat' dir='ltr'><strong>nonnulli,</strong></span> <span class='ocrx_word' id='word_1_163' title='bbox 3013 3687 3123 3768; x_wconf 92' lang='lat' dir='ltr'><strong>ob</strong></span> <span class='ocrx_word' id='word_1_164' title='bbox 3171 3689 3589 3769; x_wconf 89' lang='lat' dir='ltr'><strong>amborum</strong></span> <span class='ocrx_word' id='word_1_165' title='bbox 3644 3688 3871 3771; x_wconf 88' lang='lat' dir='ltr'><strong>dissi-</strong></span> 
     </span>
     <span class='ocr_line' id='line_1_22' title="bbox 1081 3816 2140 3903; baseline -0.003 -1"><span class='ocrx_word' id='word_1_166' title='bbox 1081 3823 1342 3902; x_wconf 89' lang='lat' dir='ltr'><strong>milem</strong></span> <span class='ocrx_word' id='word_1_167' title='bbox 1374 3838 1687 3903; x_wconf 89' lang='lat' dir='ltr'><strong>etatem.</strong></span> <span class='ocrx_word' id='word_1_168' title='bbox 2137 3816 2140 3820; x_wconf 12' lang='grc' dir='ltr'><strong>Δ</strong></span> 
     </span>
    </p>
   </div>
   <div class='ocr_carea' id='block_1_6' title="bbox 2061 3966 2899 4051">
    <p class='ocr_par' dir='ltr' id='par_1_6' title="bbox 2061 3966 2899 4051">
     <span class='ocr_line' id='line_1_23' title="bbox 2061 3966 2899 4051; baseline 0 -7"><span class='ocrx_word' id='word_1_169' title='bbox 2061 3966 2756 4048; x_wconf 83' lang='lat' dir='ltr'>CAPITULUM</span> <span class='ocrx_word' id='word_1_170' title='bbox 2804 3971 2899 4051; x_wconf 90' lang='lat' dir='ltr'><strong>V.</strong></span> 
     </span>
    </p>
   </div>
   <div class='ocr_carea' id='block_1_7' title="bbox 1980 4156 2960 4247">
    <p class='ocr_par' dir='ltr' id='par_1_7' title="bbox 1980 4156 2960 4247">
     <span class='ocr_line' id='line_1_24' title="bbox 1980 4156 2960 4247; baseline 0.008 -8"><span class='ocrx_word' id='word_1_171' title='bbox 1980 4177 2070 4240; x_wconf 91' lang='lat' dir='ltr'><strong>De</strong></span> <span class='ocrx_word' id='word_1_172' title='bbox 2104 4156 2545 4243; x_wconf 58' lang='lat' dir='ltr'><strong>morte‘ducisse</strong></span> <span class='ocrx_word' id='word_1_173' title='bbox 2579 4182 2960 4247; x_wconf 76' lang='lat' dir='ltr'><strong>Atheniensis.</strong></span> 
     </span>
    </p>
   </div>
   <div class='ocr_carea' id='block_1_8' title="bbox 1067 4372 3930 4910">
    <p class='ocr_par' dir='ltr' id='par_1_8' title="bbox 1067 4372 3930 4910">
     <span class='ocr_line' id='line_1_25' title="bbox 1188 4372 3863 4503; baseline 0.004 -39"><span class='ocrx_word' id='word_1_174' title='bbox 1188 4384 1486 4464; x_wconf 88' lang='lat' dir='ltr'><strong>Mensis</strong></span> <span class='ocrx_word' id='word_1_175' title='bbox 1512 4372 1719 4494; x_wconf 85' lang='lat' dir='ltr'><strong>jullii</strong></span> <span class='ocrx_word' id='word_1_176' title='bbox 1751 4385 1997 4463; x_wconf 88' lang='lat' dir='ltr'><strong>tercia</strong></span> <span class='ocrx_word' id='word_1_177' title='bbox 2029 4382 2335 4467; x_wconf 90' lang='lat' dir='ltr'><strong>decima</strong></span> <span class='ocrx_word' id='word_1_178' title='bbox 2373 4385 2537 4487; x_wconf 88' lang='lat' dir='ltr'><strong>die,</strong></span> <span class='ocrx_word' id='word_1_179' title='bbox 2571 4388 2897 4469; x_wconf 86' lang='lat' dir='ltr'><strong>illustris</strong></span> <span class='ocrx_word' id='word_1_180' title='bbox 2926 4391 3310 4470; x_wconf 88' lang='lat' dir='ltr'><strong>memorie</strong></span> <span class='ocrx_word' id='word_1_181' title='bbox 3338 4409 3416 4472; x_wconf 90' lang='lat' dir='ltr'><strong>et</strong></span> <span class='ocrx_word' id='word_1_182' title='bbox 3444 4396 3576 4503; x_wconf 92' lang='lat' dir='ltr'><strong>pie</strong></span> <span class='ocrx_word' id='word_1_183' title='bbox 3603 4395 3688 4474; x_wconf 89' lang='lat' dir='ltr'><strong>in</strong></span> <span class='ocrx_word' id='word_1_184' title='bbox 3705 4397 3863 4476; x_wconf 91' lang='lat' dir='ltr'><strong>Do-</strong></span> 
     </span>
     <span class='ocr_line' id='line_1_26' title="bbox 1071 4520 3864 4631; baseline 0.004 -27"><span class='ocrx_word' id='word_1_185' title='bbox 1071 4525 1294 4604; x_wconf 91' lang='lat' dir='ltr'><strong>mino</strong></span> <span class='ocrx_word' id='word_1_186' title='bbox 1322 4520 1916 4603; x_wconf 88' lang='lat' dir='ltr'><strong>recordacionis</strong></span> <span class='ocrx_word' id='word_1_187' title='bbox 1945 4520 2271 4604; x_wconf 90' lang='lat' dir='ltr'><strong>domina</strong></span> <span class='ocrx_word' id='word_1_188' title='bbox 2294 4524 2340 4604; x_wconf 86' lang='lat' dir='ltr'>J</span> <span class='ocrx_word' id='word_1_189' title='bbox 2342 4526 2697 4625; x_wconf 86' lang='lat' dir='ltr'><strong>ohanna,</strong></span> <span class='ocrx_word' id='word_1_190' title='bbox 2739 4526 3050 4609; x_wconf 85' lang='lat' dir='ltr'><strong>ducissa</strong></span> <span class='ocrx_word' id='word_1_191' title='bbox 3077 4528 3589 4612; x_wconf 86' lang='lat' dir='ltr'><strong>Atheniensis</strong></span> <span class='ocrx_word' id='word_1_192' title='bbox 3609 4594 3630 4631; x_wconf 88' lang='lat'>,</span> <span class='ocrx_word' id='word_1_193' title='bbox 3658 4562 3864 4614; x_wconf 82' lang='lat' dir='ltr'><strong>uxor</strong></span> 
     </span>
     <span class='ocr_line' id='line_1_27' title="bbox 1073 4654 3861 4780; baseline 0.004 -40"><span class='ocrx_word' id='word_1_194' title='bbox 1073 4659 1383 4741; x_wconf 89' lang='lat' dir='ltr'><strong>domini</strong></span> <span class='ocrx_word' id='word_1_195' title='bbox 1404 4654 1796 4739; x_wconf 84' lang='lat' dir='ltr'><strong>Ludovici</strong></span> <span class='ocrx_word' id='word_1_196' title='bbox 1826 4660 2140 4740; x_wconf 90' lang='lat' dir='ltr'><strong>comitis</strong></span> <span class='ocrx_word' id='word_1_197' title='bbox 2168 4658 2269 4742; x_wconf 90' lang='lat' dir='ltr'><strong>de</strong></span> <span class='ocrx_word' id='word_1_198' title='bbox 2288 4661 2666 4772; x_wconf 88' lang='lat' dir='ltr'><strong>Stampis‚</strong></span> <span class='ocrx_word' id='word_1_199' title='bbox 2699 4662 2926 4744; x_wconf 88' lang='lat' dir='ltr'><strong>letale</strong></span> <span class='ocrx_word' id='word_1_200' title='bbox 2949 4662 3314 4747; x_wconf 88' lang='lat' dir='ltr'><strong>debitum</strong></span> <span class='ocrx_word' id='word_1_201' title='bbox 3341 4667 3456 4751; x_wconf 86' lang='lat' dir='ltr'><strong>sol</strong></span> <span class='ocrx_word' id='word_1_202' title='bbox 3466 4670 3610 4766; x_wconf 80' lang='lat' dir='ltr'><strong>vit3</strong></span> <span class='ocrx_word' id='word_1_203' title='bbox 3636 4672 3861 4780; x_wconf 81' lang='lat' dir='ltr'><strong>cujus</strong></span> 
     </span>
     <span class='ocr_line' id='line_1_28' title="bbox 1067 4795 3930 4910; baseline 0.005 -34"><span class='ocrx_word' id='word_1_204' title='bbox 1067 4797 1310 4881; x_wconf 86' lang='lat' dir='ltr'><strong>funus</strong></span> <span class='ocrx_word' id='word_1_205' title='bbox 1344 4824 1524 4878; x_wconf 89' lang='lat' dir='ltr'><strong>cum</strong></span> <span class='ocrx_word' id='word_1_206' title='bbox 1548 4795 2014 4878; x_wconf 88' lang='lat' dir='ltr'><strong>decentibus</strong></span> <span class='ocrx_word' id='word_1_207' title='bbox 2043 4801 2397 4910; x_wconf 84' lang='lat' dir='ltr'><strong>exequiis</strong></span> <span class='ocrx_word' id='word_1_208' title='bbox 2430 4817 2509 4882; x_wconf 90' lang='lat' dir='ltr'><strong>et</strong></span> <span class='ocrx_word' id='word_1_209' title='bbox 2532 4801 3157 4885; x_wconf 85' lang='lat' dir='ltr'><strong>honorificencia</strong></span> <span class='ocrx_word' id='word_1_210' title='bbox 3190 4801 3459 4888; x_wconf 90' lang='lat' dir='ltr'><strong>debita</strong></span> <span class='ocrx_word' id='word_1_211' title='bbox 3490 4805 3592 4889; x_wconf 91' lang='lat' dir='ltr'><strong>ad</strong></span> <span class='ocrx_word' id='word_1_212' title='bbox 3619 4808 3859 4891; x_wconf 89' lang='lat' dir='ltr'><strong>eccle-</strong></span> <span class='ocrx_word' id='word_1_213' title='bbox 3925 4894 3930 4901; x_wconf 67' lang='grc'><em>,</em></span> 
     </span>
    </p>
   </div>
  </div>
 </body>
</html>
