4666 6014
1133 679 1286 751 550
1587 663 2283 745 cummanum
2331 643 2689 742 mou
2737 664 3023 744 sax'm
3071 663 3251 764 ΜΒ.
3303 663 3443 748 11.

1137 855 1175 894 a
1217 824 1301 900 in
1354 838 1853 930 perpetuum.
1896 820 2222 898 *Amodo
2279 847 2528 898 unum
2584 816 2897 908 fidelem
2950 817 3283 897 militem
3338 813 3479 898 rex
3518 820 3919 927 acquiram

1135 992 1172 1033 (ι
1215 976 1294 1039 et
1333 987 1513 1040 cum
1551 956 1984 1040 devocione
2025 954 2368 1064 spondet
2421 953 2957 1036 indissolubili
3004 983 3220 1038 nexu
3244 953 3536 1045 federis
3565 951 3793 1036 vobis
3834 986 3920 1036 se
3984 1020 3997 1030 .

1031 1075 1032 1078 Ἴ
1133 1130 1171 1171 α
1213 1094 1776 1203 obligaturum·
1806 1113 2084 1174 contra
2129 1121 2645 1205 quoscunque
2685 1079 3059 1173 mortales
3083 1155 3101 1190 ‚
3150 1091 3541 1172 duntaxat
3583 1067 3919 1203 'excepto

1134 1268 1171 1306 «ε
1214 1261 1399 1340 rege
1454 1231 1740 1340 Anglie
1768 1293 1788 1330 ‚
1851 1233 1979 1310 cui
2048 1231 2270 1338 prius
2321 1218 2877 1338 obtemperare
2942 1230 3357 1338 promisit3
3417 1227 3635 1339 quod
3694 1246 3917 1309 tanto
4005 1232 4013 1240 ’

1133 1403 1170 1441 <c
1211 1366 1757 1448 moderamine
1785 1396 1882 1446 ex
1911 1394 2126 1445 nunc
2156 1366 2325 1465 fiet,
2363 1361 2583 1475 quod
2602 1428 2622 1465 ,
2650 1364 2718 1444 'si
2741 1366 2844 1445 ab
2874 1377 2970 1444 eo
2992 1366 3255 1475 jussus
3286 1366 3391 1442 sit
3411 1365 3474 1442 F
3479 1351 3923 1472 rancigenis

1131 1539 1170 1577 «
1212 1502 1652 1600 adversari,
1712 1532 1893 1582 cum
1936 1505 2445 1582 sacramentis
2487 1502 2924 1581 affirmabit
2965 1498 3182 1612 quod
3234 1518 3461 1580 antea
3502 1501 3730 1579 vobis
3779 1529 3924 1609 per

1133 1675 1171 1714 (ε
1212 1668 1513 1726 annum
1558 1640 1960 1750 integrum
2009 1617 2441 1717 intimabit.
2499 1637 2757 1746 Super
2810 1634 3212 1717 discordia
3262 1653 3523 1715 autem
3582 1653 3802 1716 mota
3836 1638 3922 1715 in

1136 1811 1174 1852 <c
1217 1775 1509 1856 ducatu
1557 1775 2050 1854 Brebantino
2100 1775 2307 1854 inter
2349 1777 2605 1881 ipsum
2632 1790 2730 1888 'et
2773 1770 3202 1866 ducissam,
3258 1772 3443 1851 lima
3482 1757 3922 1878 ‘prudencie

1140 1949 1178 1989 «
1218 1930 1475 1993 vestre
1545 1912 1758 2019 regie
1829 1911 2225 1991 consentit
2295 1929 2384 1991 ut
2446 1911 2805 2020 sopiatur
2830 1971 2850 2006 ‚
2920 1910 3303 2024 quoniam
3358 1904 3751 2016 oppidum
3822 1906 3923 1988 de

1136 2086 1173 2125 «
1217 2051 1515 2132 Greves
1569 2065 1649 2129 et
1691 2044 2089 2199 quidquid
2132 2047 2247 2128 ibi
2299 2044 2657 2160 possidet
2721 2042 2979 2138 eidem
3033 2045 3379 2152 benigne
3436 2062 3515 2123 et
3566 2045 3922 2152 integra-

1091 2235 1094 2238 -
1133 2222 1172 2264 (ε
1214 2188 1396 2268 liter
1437 2184 1872 2282 submittit,
1925 2184 2181 2292 ipsam
2221 2184 2615 2270 instanter
2656 2171 3068 2332 requirens
3107 2197 3197 2262 ut
3226 2173 3638 2289 utriusque
3670 2183 3919 2291 partis

1129 2359 1170 2399 a
1204 2326 1334 2433 jus
1375 2352 1585 2434 equo
1625 2309 2052 2403 libramine
2081 2318 2635 2406 moderetur.»
2955 2401 2968 2413 ,

1242 2462 1419 2539 Hiis
1455 2455 1784 2554 auditis„
1819 2485 1999 2553 rex,
2031 2456 2409 2540 submoto
2442 2454 2684 2553 dure,
2714 2475 2798 2535 et
2824 2485 3029 2565 quos
3056 2454 3158 2536 de
3184 2457 3709 2567 responsione
3743 2483 3919 2563 par-

1130 2601 1409 2705 ticipes
1451 2597 1704 2676 voluit
1734 2594 1907 2673 fieri
1949 2621 2318 2690 evocans,
2362 2621 2640 2676 omncs
2676 2590 2905 2672 ducis
2936 2590 3392 2700 Burgundio
3434 2594 3919 2671 sentenciam

1131 2734 1446 2846 sequuti
1488 2748 1710 2827 sunt,
1755 2731 1897 2838 qui
1941 2711 2123 2808 cum
2171 2728 2443 2807 multis
2495 2725 2775 2807 mediis
2826 2726 2942 2806 ibi
2998 2756 3165 2807 non
3208 2725 3686 2824 inserendiS‚
3732 2729 3916 2836 quia

1128 2871 1400 2950 forsan
1471 2863 1949 2974 compendio
2010 2862 2228 2974 quod
2286 2862 2640 2943 studiose
2714 2892 2964 2975 quero
3030 2863 3420 2961 officeret,
3492 2892 3757 2971 regern
3813 2862 3914 2942 ad

1132 3002 1642 3085 concordiam
1703 2999 2060 3101 induxit,
2096 3003 2516 3113 sepiusque
2558 2999 2782 3081 flexis
2824 2998 3160 3113 genibus
3198 3018 3564 3110 repetens
3604 3031 3625 3083 .·
3665 3036 3702 3074 <c
3734 3001 3917 3080 Par-

1134 3176 1172 3215 «
1211 3142 1674 3248 cite‚·queso
1696 3201 1716 3238 ,
1743 3137 2072 3225 domine
2109 3140 2248 3232 mi,
2287 3166 2434 3247 nec
2464 3156 2795 3247 propter
2832 3136 3238 3218 modicum
3272 3156 3572 3236 actum,
3598 3138 3914 3217 eciamsi

1132 3312 1169 3351 ι(
1211 3275 1504 3357 habeat
1537 3271 2112 3386 aliquantulum
2145 3276 2524 3359 viciosam
2555 3275 2951 3387 originem
2981 3293 3060 3361 et
3092 3303 3407 3361 causam
3439 3276 3781 3382 primam
3812 3274 3916 3353 ab
4000 3270 4015 3277 ⁸

1131 3445 1167 3485 «
1209 3411 1625 3490 honestate
1665 3398 2307 3506 dissencientem‚
2366 3409 2731 3495 inolitam
2789 3410 3294 3497 clemenciam
3338 3439 3509 3495 non
3564 3411 3910 3515 negetis;

1131 3581 1170 3621 «
1209 3576 1366 3656 que
1385 3609 1403 3645 ,
1439 3548 1595 3625 nisi
1628 3562 2046 3653 peccarent
2074 3545 2438 3632 homines
2458 3607 2478 3641 ,
2508 3549 2772 3654 segnis
2800 3565 2883 3626 et
2914 3550 3179 3628 ociosa
3210 3564 3433 3629 esset.
3469 3580 3507 3619 2>
3550 3543 3915 3631 Tandem

1129 3681 1392 3762 verbis
1456 3683 1701 3761 finem
1739 3682 2071 3778 faciens,
2125 3678 2482 3761 addidit:
2539 3660 2951 3763 &Domine
2998 3684 3163 3781 mi,.
3201 3711 3384 3763 cum
3433 3684 3674 3761 instet
3710 3684 3912 3761 aeris

1133 3852 1170 3891 <
1213 3819 1749 3927 inclemencia,
1785 3835 2005 3895 tanta
2041 3815 2446 3923 ymbrium
2464 3818 2994 3899 concomitata
3017 3821 3511 3935 intemperie,
3541 3835 3632 3897 ut
3654 3820 3912 3897 cerni-

1134 3991 1169 4026 «
1213 3958 1348 4053 tis,
1405 3953 1623 4066 quod
1667 3953 2031 4069 pugilum
2070 3948 2513 4061 papiliones
2547 3957 2680 4034 vix
2713 3957 3025 4063 possint
3065 3953 3461 4034 stillicidia
3505 3944 3909 4051 cohibere,

1132 4126 1169 4164 ι(
1212 4091 1499 4175 oblatis
1547 4075 2157 4173 condicionibus
2212 4093 2701 4198 acquiescere
2754 4089 3094 4243 dignum
3133 4088 3365 4171 duco.
3412 4071 3511 4171 Et
3556 4092 3912 4200 quamvis

1130 4262 1167 4301 «
1208 4229 1294 4306 in
1352 4228 1619 4316 hostes
1671 4223 2087 4336 pugnandi
2129 4243 2209 4304 et
2255 4224 2786 4309 vindicandi
2767 4227 3104 4335 injurias
3163 4218 3479 4307 avidum
3546 4255 3687 4306 vos
3747 4254 3910 4305 non

1133 4398 1171 4438 «
1213 4393 1528 4472 negem,
1567 4361 1864 4450 addam
1890 4378 2192 4460 tamen,
2225 4362 2376 4451 sub
2405 4366 2900 4451 correctione
2936 4365 3295 4451 omnium
3320 4427 3340 4462 ,
3382 4362 3598 4475 quod
3631 4390 3913 4449 eorum

1131 4534 1170 4573 a
1207 4502 1596 4609 sanguine
1626 4528 1796 4578 non
1819 4501 2067 4606 egetis
2087 4560 2108 4596 ‚
2151 4528 2453 4611 vosque
2485 4499 2824 4587 reddent
2857 4529 3001 4608 per
3026 4500 3250 4582 orbis
3275 4502 3602 4608 climata
3634 4500 3911 4587 clario-
3976 4578 3985 4587 ,

1133 4671 1170 4709 «
1214 4666 1380 4741 rem
1444 4665 1714 4746 pacem
1773 4635 2074 4744 absque
2129 4662 2413 4717 cruore
2464 4639 2818 4718 humano
2875 4638 3300 4746 acquisisse
3354 4667 3595 4747 quam
3663 4636 3909 4718 malta

1134 4807 1172 4844 α
1219 4774 1431 4853 milia
1466 4800 1739 4853 eorum
1758 4836 1777 4871 ,
1813 4798 1966 4882 que
1997 4773 2213 4880 pacis
2245 4792 2434 4854 sunt
2465 4776 3022 4872 offerendum,
3058 4772 3459 4854 occidisse.
3506 4809 3543 4849 ι)
