4666 6014
995 653 1142 724 328
1495 647 2179 722 CHRONLCORUM
2231 646 2587 724 KAROLI
2638 648 2921 722 SEXTI
2972 645 3148 720 LIB.
3204 645 3325 722 V.·

1089 800 1235 882 Ab
1273 796 1746 910 habitudine
1769 800 2029 907 igitur
2069 802 2451 880 exteriori
2481 830 2798 881 sumens
2841 803 3171 882 inicium
3192 862 3210 898 ,
3253 827 3599 908 corpore
3632 800 3788 881 furt

989 963 1401 1043 procerus,
1447 937 1559 1013 ita
1597 923 1706 1014 ut‘
1728 953 1807 1022 et
1847 929 2213 1015 maximis
2247 939 2514 1016 minor
2553 955 2635 1017 et
2667 935 3207 1017 mediocribus
3246 936 3507 1046 major
3548 934 3789 1034 hahe-

996 1093 1251 1170 retur3
1313 1074 1694 1155 robustus
1747 1075 2099 1173 viribuS,
2156 1077 2541 1156 membris
2588 1074 3174 1174 sollidioribus,
3226 1091 3494 1154 torace
3533 1075 3782 1173 virili,

857 1258 866 1265 ·
990 1212 1187 1291 facie
1228 1230 1597 1311 venusta,
1653 1212 1942 1322 capillo
1993 1232 2073 1292 et
2123 1214 2380 1293 barba
2427 1194 2673 1293 flavus
2714 1189 3266 1310 mediocriter,
3320 1229 3399 1290 et
3453 1211 3786 1292 modicis

992 1348 1206 1426 canis
1236 1349 1542 1445 mixtis,
1582 1343 2000 1428 usu'eciam
2034 1359 2445 1428 armorum
2483 1368 2563 1429 et
2601 1350 2989 1429 exercicio
3019 1347 3389 1447 militari,
3427 1350 3787 1430 omnium

986 1482 1290 1592 judicio
1314 1547 1332 1582 ,
1375 1486 1602 1596 quasi
1638 1487 1847 1565 inter
1892 1514 2167 1566 omnes
2210 1477 2374 1564 lilia
2403 1483 2846 1565 deferentes
2889 1483 3337 1592 singularis.
3382 1482 3789 1592 Corporee

991 1623 1238 1699 eciam
1278 1624 1673 1701 venustati
1711 1625 2001 1702 mentis
2041 1624 2247 1706 hene
2286 1621 2672 1732 disposite
2707 1620 3287 1733 equipollenter
3321 1647 3790 1728 correspon-

995 1741 1250 1862 debat'
1274 1757 1619 1860 babitus.
1666 1760 1872 1839 Nam
1919 1761 2566 1868 promptissimus
2606 1778 2776 1838 erat
2814 1759 3191 1867 ingenin,
3243 1775 3323 1836 et
3366 1758 3577 1836 circa
3620 1758 3792 1866 agi-

997 1893 1817 1987 biliahabensoculos
1841 1899 2357 2005 perspicaces.
2386 1895 2878 2007 Eloquencie
2906 1895 3105 1975 flore
3136 1921 3413 2004 omnes
3438 1894 3788 2006 reliquos

999 2031 1226 2138 regni
1267 2025 1675 2139 principes
1709 2031 1938 2111 facile
1976 2033 2377 2132 anteibat3
2434 2050 2514 2112 et
2561 2062 2745 2112 cum
2796 2050 3085 2141 sponte
3137 2031 3455 2111 fluentis
3490 2031 3789 2143 eloquii

997 2170 1070 2245 ei
1116 2196 1282 2247 non
1333 2165 1638 2248 deesset
1678 2171 2182 2279 prerogativa
2232 2170 2659 2277 singularis
2687 2232 2706 2266 ,
2762 2170 3067 2249 cunctis
3104 2187 3278 2249 erat
3318 2166 3787 2277 affabilitate

995 2291 1401 2414 graciosus
1423 2368 1445 2404 ,
1485 2325 1983 2406 mansuetus»,
2038 2306 2516 2387 liberalitate
2562 2308 2902 2416 insignis
2924 2370 2947 2405 ,
2993 2325 3074 2386 et
3122 2336 3311 2415 erga
3347 2323 3661 2386 exteros
3699 2333 3790 2386 ac

995 2441 1474 2526 domesticos
1525 2446 1753 2555 quasi
1805 2442 2147 2553 prodiga
2175 2507 2194 2544 ,
2240 2443 2381 2524 sed
2429 2444 2665 2554 plane
2718 2442 3380 2542 commendabili,
3438 2442 3791 2523 clarebat

997 2579 1576 2659 munificencia.
1636 2581 2049 2661 Postremo
2110 2581 2795 2689 magnificenciam
2827 2642 2846 2679 ,
2914 2580 3394 2676 curialitates
3460 2580 3786 2677 aulicaS,

1000 2733 1203 2795 etate
1242 2733 1521 2824 nostra
1568 2716 1782 2798 inter
1832 2717 2143 2810 nobiles
2194 2703 2508 2830 summo
2555 2715 2825 2797 studio
2879 2735 3224 2797 servatas
3248 2779 3267 2815 ,
3319 2744 3518 2827 quas
3553 2714 3787 2796 velud

994 2853 1174 2961 jure
1216 2849 1701 2932 hereditario
1776 2881 1821 2932 a
1875 2855 2379 2962 genitoribus
2426 2857 2512 2933 in
2567 2883 2650 2933 se
2701 2854 3150 2962 transfugas
3205 2856 3231 2898 ¹
3291 2851 3782 2963 possidebat,

1001 2988 1492 3099 superfluum
1514 2987 1921 3071 videretur
1954 2993 2040 3070 in
2075 3021 2171 3071 eo
2193 2989 2812 3089 commendare,
2855 2993 3278 3099 presertim
3309 3019 3490 3069 cum
3521 3019 3792 3070 earum

1001 3129 1112 3206 ita
1147 3123 1503 3207 extiterit
1534 3155 1950 3235 expressus
1980 3129 2410 3227 emulator,
2445 3147 2537 3207 ut
2566 3130 2870 3207 cunctis
2900 3127 3001 3207 ad
3037 3129 3340 3236 regiam
3374 3125 3799 3208 advenien-

1002 3266 1251 3364 tibus,
1289 3284 1515 3374 gestu
1542 3284 1621 3355 et
1653 3266 1938 3346 habitu
1967 3268 2129 3346 suis
2161 3269 2451 3347 eximia
2480 3265 2828 3378 quadam
2862 3266 3303 3375 refulgente
3334 3269 3365 3313 ²
3403 3263 3795 3374 dignitate

1003 3421 1306 3483 certum
1340 3405 1424 3482 in
1456 3432 1539 3483 se
1569 3401 1668 3483 de
1702 3405 1917 3512 regia
1942 3405 2352 3515 majestate
2385 3383 2634 3485 dabat
2662 3403 3073 3485 indicium.
3113 3403 3342 3482 Ultra
3375 3406 3793 3513 premissas

1005 3543 1292 3621 iterum
1333 3559 1619 3621 nature
1658 3540 1884 3621 dotes
1904 3604 1923 3642 ,
1967 3543 2260 3654 quibus
2301 3543 2651 3651 ingentis
2696 3544 3027 3651 spiritus
3066 3542 3325 3620 virum
3366 3540 3538 3649 ipsa
3574 3539 3796 3620 dota-

999 3697 1258 3779 verat,
1313 3708 1496 3759 cum
1535 3681 1837 3758 crimen
1883 3697 2290 3788 reputaret
2343 3709 2389 3759 a
2452 3681 2902 3789 priscorum
2949 3678 3300 3786 vestigiis
3353 3675 3750 3757 declinare
3774 3738 3793 3774 ‚

1005 3816 1510 3899 ecclesiarum
1549 3815 1973 3896 munificus
2021 3810 2318 3897 ditator
2371 3819 2718 3897 existens
2747 3879 2765 3916 ,
2827 3818 3037 3895 circa
3081 3812 3383 3894 cultum
3435 3812 3798 3893 divinum

1008 3956 1268 4047 eciam*
1304 3955 1601 4063 jugiter
1652 3950 2070 4034 insistebat
2094 3973 2173 4034 et
2206 3953 2530 4053 devote,
2566 3934 3038 4066 assidueque
3069 3956 3241 4033 Deo
3282 3951 3799 4061 psallencium

1008 4089 1478 4170 clericorum
1524 4120 1857 4172 numero
1904 4091 2113 4171 ultra
2164 4108 2441 4172 omnes
2489 4094 2719 4201 regni
2767 4068 3173 4201 principes
3214 4080 3755 4170 delectabatur
3776 4153 3794 4186 ,

1009 4255 1212 4338 quos
1243 4256 1517 4307 omnes
1548 4229 1898 4309 vestibus
1925 4246 2005 4308 et
2035 4227 2457 4339 stipendiis
2482 4231 2769 4308 annuis
2796 4227 3358 4308 remunerabat
3391 4224 3796 4305 habunde.

1124 4364 1220 4444 In
1295 4365 1709 4475 juventute
1771 4368 2025 4446 eciam
2078 4349 2507 4446 Dominam
2559 4364 3140 4473 Marguaretam
3164 4344 3191 4461 ,A
3259 4361 3501 4441 filiam
3560 4360 3803 4469 digne

1012 4506 1394 4587 memorie
1425 4503 1711 4584 Karoli
1744 4506 2057 4585 comitis
2093 4503 2192 4585 de
2221 4505 2463 4584 Blesis
2485 4566 2504 4603 ,
2538 4502 2796 4583 forme
2840 4518 3248 4583 venustate
3294 4499 3802 4613 singulariter

1012 4643 1522 4750 conspicuam
1546 4705 1565 4742 ,
1628 4643 1785 4723 sibi
1854 4642 2122 4723 federe
2182 4641 2583 4753 conjugali
2647 4640 3051 4753 copulavit
3086 4640 3491 4732 'uxorem3
3562 4658 3801 4744 quam

1086 4862 1097 4882 ¹
1148 4849 1287 4905 Var.
1320 4877 1332 4903 .-
1361 4866 1425 4906 n·
1457 4849 1618 4925 5960,
1647 4850 1745 4908 fol.
1770 4849 1845 4925 59
1867 4868 1944 4920 ι,
1975 4850 2317 4925 transfusas.
2516 4855 2534 4879 ²
2581 4849 2719 4906 Var.
2752 4874 2765 4901 .-
2794 4858 2860 4903 n⁰
2881 4847 3050 4923 5960,
3080 4845 3173 4900 sol.
3202 4843 3276 4918 59
3300 4863 3373 4914 v.,
3408 4841 3732 4897 resultante.
3762 4836 3769 4843 ”
