4666 6014
1141 649 1286 723 638
1620 564 2309 710 CHROMCORUM'
2351 623 2704 699 KAROLI
2754 621 3037 696 SEXTI
3088 620 3263 694 LIB.
3319 619 3419 692 X.

1143 798 1312 906 ejus
1345 792 1542 871 alius
1574 785 2088 866 successisset.
2122 780 2321 857 Nam
2363 794 2557 856 tunc
2585 803 2768 855 cum
2801 774 3128 881 captivis
3160 771 3438 850 ceteris
3483 789 3664 877 post
3691 799 3919 850 coro-

1145 931 1561 1011 nacionem
1584 949 1824 1031 pape,
1867 937 1957 998 ut
1988 917 2232 995 moris
2266 932 2419 1011 est,
2460 912 2810 992 libertati
2847 910 3187 990 donatus
3212 927 3362 1006 est,
3397 909 3620 1016 prius
3653 926 3917 988 tamen

1148 1065 1481 1175 prestito
1523 1063 1978 1170 juramento
2031 1050 2251 1165 quod
2304 1051 2450 1130 hec
2488 1068 2566 1129 et
2600 1048 2885 1129 similia
2940 1047 3238 1154 fingere
3276 1045 3647 1152 deinceps
3681 1047 3920 1130 desis-

1148 1219 1374 1281 teret.
1411 1194 1564 1279 Sed
1609 1191 1835 1274 infidi
1863 1189 2200 1271 faciliter
2229 1204 2622 1295 spernunt
2653 1185 2872 1294 quod
2903 1186 3413 1293 promittunt.

1266 1338 1427 1446 Ipsi
1469 1330 1793 1446 quidem
1823 1325 2048 1409 valde
2075 1325 2400 1406 difficile
2438 1341 2607 1403 erat
2635 1321 3112 1402 dissuescere
3142 1320 3243 1400 ab
3287 1324 3645 1429 inceptis.
3694 1322 3925 1402 Unde

1151 1473 1263 1554 ad'
1284 1486 1814 1576 commentum
1848 1461 2153 1544 fraudis
2191 1459 2405 1541 aliud
2440 1489 2521 1540 se
2548 1477 3050 1556 convertens,
3091 1458 3193 1538 ad
3228 1458 3621 1538 Sabaudie
3674 1463 3922 1540 comi-

1151 1629 1311 1691 tem
1359 1595 1546 1689 tunc
1587 1604 1977 1713 pervenit3
2021 1629 2253 1710 quem
2281 1628 2487 1716 'cum
2538 1601 2772 1678 sciret
2808 1599 2987 1706 jure
3026 1598 3534 1705 cog-nacionis
3575 1600 3924 1704 patriar-

1152 1751 1298 1830 che
1369 1738 2263 1848 Constantinopolitano
2353 1738 2776 1843 attingere,
2851 1764 2933 1815 se
3021 1763 3118 1814 ex
3189 1733 3470 1814 eodem
3541 1737 3924 1843 sanguine

1152 1886 1481 1967 traxisse
1518 1880 1907 1987 originem
1962 1875 2331 1983 protinus
2385 1873 2830 1953 affirmavit.
2880 1872 3166 1956 Comes
3216 1900 3383 1951 non
3441 1874 3601 1953 cito
3646 1875 3923 1982 ignoto

1156 2022 1392 2102 fidem
1448 2015 1715 2114 dedit,
1783 2012 2040 2093 donec
2097 2012 2391 2089 lineam
2445 2012 2960 2118 cognacionis
3024 2012 3568 2118 expressisset3
3626 2039 3723 2090 ex
3764 2041 3926 2120 qua

1158 2157 1488 2239 tendens
1520 2152 1621 2234 ad
1663 2151 2090 2260 practicam
2122 2149 2456 2227 asseruit
2488 2174 2569 2225 se
2608 2145 3016 2226 detentum
3048 2148 3152 2227 ab
3190 2149 3567 2255 antipapa
3595 2146 3926 2226 Urbano

1157 2313 1237 2375 et
1284 2293 1522 2373 rebus
1586 2287 1958 2369 omnibus
2016 2285 2484 2392 spoliatum,
2541 2284 2725 2392 quia
2767 2284 3229 2364 electionem
3287 2284 3711 2363 Clementis
3768 2284 3931 2391 juri

1160 2456 1590 2511 consonam
1631 2423 1963 2504 dixerat.
2009 2421 2295 2533 Sicque
2345 2449 2605 2500 comes
2647 2423 3193 2528 compassione
3226 2439 3669 2500 commotus
3690 2482 3708 2518 ,
3749 2422 3930 2529 quia

1164 2587 1355 2645 tunc
1414 2563 1798 2676 Clementi
1854 2557 2327 2656 adherebat,
2369 2583 2553 2637 eum
2603 2556 3100 2646 familiariter
3140 2559 3450 2664 excepit
3472 2618 3490 2654 ,
3552 2574 3634 2636 et
3671 2585 3936 2637 secum

1167 2702 1306 2783 diu
1341 2698 1924 2810 perhendinare
1962 2674 2258 2776 faciens
2283 2758 2302 2792 ,
2345 2693 2661 2775 tandem
2708 2696 3110 2801 ingentem
3144 2721 3529 2772 summam
3563 2697 3938 2802 peccunie

1166 2867 1343 2920 cum
1384 2836 1806 2917 duodecim
1847 2834 2067 2940 equis
2098 2851 2177 2912 et
2217 2829 2550 2911 totidem
2582 2830 2896 2910 famulis
2928 2831 3435 2925 ministravit,
3477 2848 3565 2909 ut
3599 2832 3713 2911 sic
3750 2835 3936 2909 Avi-

1172 2977 1642 3057 nionensem
1660 3001 1661 3011 ยน
1681 2971 1978 3050 curiam
2011 2970 2427 3050 honestius
2468 2970 2843 3048 visitaret.

1283 3116 1353 3190 A
1389 3138 1593 3218 papa
1627 3124 1706 3186 et
1739 3104 2274 3186 cardinalibus
2303 3107 2601 3212 ignaris
2633 3102 2934 3184 fraudis
2974 3123 3353 3213 concepte
3388 3124 3793 3215 susceptus
3825 3126 3940 3186 est

1168 3250 1524 3329 maximo
1561 3274 1738 3325 cum
1780 3245 2131 3337 honore,
2175 3259 2254 3325 et
2306 3243 2662 3348 repetitis
2703 3241 2984 3321 diebus
3044 3242 3129 3319 in
3185 3243 3449 3350 papali
3504 3228 3806 3351 palacio
3864 3260 3942 3322 et

1172 3381 1694 3464 cardinalium
1746 3377 2168 3458 domiciliis
2211 3377 2548 3456 refectus
2612 3375 3062 3485 dapsiliter3
3107 3396 3186 3459 et
3231 3408 3411 3459 cum
3461 3408 3614 3488 que
3672 3406 3941 3486 passus

1171 3521 1430 3600 suerat
1476 3513 1822 3597 fovendo
1872 3530 2179 3622 partem
2223 3512 2660 3620 Clementis
2714 3540 2859 3620 per
2912 3515 3428 3621 interpretem
3477 3514 3940 3594 mendacem

1175 3660 1602 3737 serietenus
1651 3652 2199 3758 expressisset,
2258 3648 2493 3727 donis
2552 3648 3058 3731 uberioribus
3105 3651 3577 3746 cumulatuS,
3619 3669 3945 3758 rogatur

1174 3811 1263 3872 ut
1301 3791 1674 3898 deinceps
1706 3816 1891 3896 erga
1926 3790 2188 3894 ipsum
2218 3783 2684 3867 fidelitatem
2719 3806 3106 3868 servaret:
3151 3786 3368 3899 quod
3408 3805 3488 3866 et
3520 3816 3697 3866 cum
3733 3789 3948 3896 jura-

1174 3945 1458 4009 mento
1488 3926 1876 4034 promisit.

1290 4062 1519 4143 Tunc
1573 4088 1879 4142 summo
1932 4060 2293 4168 pontifici
2345 4059 2771 4159 valedicto,
2829 4042 3091 4140 senii-e
3147 4064 3232 4140 in
3274 4062 3685 4142 Franciam
3727 4061 3946 4142 festi-

1183 4201 1440 4298 navit3
1477 4217 1556 4279 et
1595 4200 1763 4308 ejus
1804 4199 2066 4305 primo
2100 4176 2445 4278 adventu
2474 4196 2867 4306 regnicole
2899 4214 3276 4307 tanquam
3305 4197 3404 4278 de
3428 4227 3512 4278 re
3539 4229 3944 4312 nunquam

1180 4354 1487 4447 sperata
1517 4336 1638 4414 vel
1676 4336 1838 4413 visa
1863 4361 2029 4413 non
2064 4334 2461 4441 immerito
2492 4336 2756 4413 mirati
2799 4351 3009 4414 sunt.
3047 4332 3199 4413 Sed
3231 4332 3520 4414 auditis
3543 4363 3697 4443 que
3724 4364 3948 4444 supe-

1185 4478 1349 4555 rius
1381 4474 1673 4579 scripta
1717 4487 1935 4568 sunt,
1980 4498 2120 4548 rex
2151 4498 2330 4550 eum
2364 4473 2641 4550 statuit
2672 4473 2976 4581 ingenti
3018 4472 3328 4550 honore
3353 4474 3810 4578 prevenire,
3851 4472 3949 4553 de

1183 4613 1363 4691 villa
1432 4610 1854 4689 Parisiensi
1919 4604 2305 4716 quosdam
2376 4610 2792 4718 episcopos
2850 4608 3006 4687 sibi
3064 4608 3384 4689 obviam
3442 4611 3947 4717 premittens,
4067 4710 4074 4723 ฮน

1186 4751 1326 4856 qui
1356 4745 1729 4833 eumdem
1761 4743 1859 4825 ad
1904 4742 2395 4825 domicilium
2431 4763 2935 4854 preparatum
2974 4745 3524 4827 honestissime
3548 4745 3948 4826 conduxe-
