4666 6014
1070 567 1251 650 622‘
1567 567 2251 645 GHRONICORUM
2300 566 2658 641 KAROLI
2705 565 2994 641 813le
3042 568 3221 641 ΠΒ.
3273 566 3380 641 X.

1076 727 1293 835 pacis
1326 723 1684 804 osculum
1713 723 2257 820 concessisset,
2292 748 2482 814 mox
2514 718 2721 828 regis
2754 717 3167 799 dexteram
3211 717 3821 827 apprehendens
3841 782 3862 817 ,

1074 866 1159 942 in
1200 859 1466 942 sedem
1503 889 1640 941 sue
1681 862 2168 969 proximam,
2225 857 2632 938 modicum
2687 874 2948 937 tamen
2990 857 3497 938 humiliorem
3519 919 3538 956 ,
3600 860 3865 968 ipsum

1073 1000 1444 1108 protinus
1480 996 1914 1077 collocavit.
1965 995 2197 1075 Tunc
2245 997 2424 1103 ipso
2467 1013 2546 1075 et
2583 994 3094 1076 consortibus
3145 1012 3311 1075 tam
3357 995 3866 1078 salutacionis

1077 1137 1325 1218 affatu
1371 1166 1610 1247 quam
1652 1138 1816 1216 oris
1859 1135 2129 1216 osculo
2174 1136 2741 1215 humanissime
2787 1134 3247 1233 honoratis,
3298 1133 3398 1215 de
3445 1134 3865 1216 incolumi-

1075 1293 1237 1356 tate
1275 1276 1774 1383 singulorum
1805 1271 2227 1383 diligenter
2260 1274 2720 1382 inquisivit;
2763 1288 2843 1352 et
2873 1272 3179 1354 vultum
3205 1270 3592 1353 exhibens
3623 1273 3860 1356 solito

1083 1414 1492 1512 leciorem,
1536 1411 1782 1492 verbo
1835 1427 1916 1491 et
1956 1428 2127 1492 toto
2161 1411 2526 1520 corporis
2564 1429 2790 1520 gestu
2842 1409 3242 1520 significat
3279 1438 3557 1491 eorum
3607 1438 3690 1491 se
3722 1409 3865 1491 ad·-

1079 1567 1403 1631 ventum
1442 1550 1886 1658 gratissime
1927 1551 2381 1659 suscepisse.
2430 1547 2744 1630 Deinde
2782 1577 3137 1629 summus
3176 1548 3547 1659 pontifex
3591 1550 3865 1655 paucis

1076 1686 1216 1770 sed
1252 1688 1776 1771 familiaribus
1817 1717 1999 1768 cum
2051 1715 2234 1796 rege
2279 1717 2470 1769 usus
2525 1687 2683 1768 fuit
2732 1687 3186 1797 colloquiis,
3250 1704 3331 1768 et
3381 1716 3566 1768 cum
3608 1685 3866 1769 eidem

1080 1829 1501 1907 reserasset
1556 1854 1711 1937 que
1767 1823 1898 1906 die
1952 1827 2314 1937 sequenti
2368 1854 2599 1934 agere
2653 1823 3125 1907 intendebat
3144 1888 3166 1925 ,
3225 1844 3422 1907 tunc
3477 1825 3718 1907 ambo
3756 1824 3860 1906 ad

1081 1963 1588 2044 refectionem
1638 1980 1997 2043 mutuam
2041 1975 2626 2073 processerunt.
2670 1963 2776 2042 Et
2830 1964 2945 2045 sic
2995 1964 3278 2073 ingens
3312 1965 3571 2045 leticia
3598 1963 3864 2047 verbis

1083 2105 1541 2183 intermixta
1575 2100 1971 2183 mellifluis
2013 2101 2227 2183 diem
2257 2095 2614 2212 primum
2643 2103 3124 2185 terminavit.

2038 2414 2723 2501 CAPITULUM
2783 2421 2933 2500 IX.

1856 2651 2187 2714 Ludovicus
2214 2654 2279 2716 in
2307 2669 2502 2737 regem
2532 2654 2726 2716 Sicilie
2753 2667 3082 2718 coeonatur.

1205 2878 1481 2989 Nuper
1531 2875 1856 2993 quidem
1910 2883 1995 2961 in
2041 2910 2395 2965 amorem
2443 2884 3003 2995 florigerorum
3050 2888 3195 2968 lilii
3217 2916 3449 2999 papa
3504 2890 3865 2973 Clemens

1082 3018 1586 3100 inardescens
1605 3080 1625 3117 ,
1660 3047 1940 3101 eorum
1973 3019 2463 3104 redolentem
2498 3027 3024 3135 propaginem
3064 3029 3461 3111 honorare
3489 3030 3866 3112 continue

1083 3156 1511 3265 satagebat.
1579 3155 1813 3237 Unde
1874 3162 2235 3269 sequenti
2285 3158 2416 3240 die
2470 3165 2891 3244 missarum
2948 3165 3333 3247 solemnia
3392 3167 3865 3250 celebranda

1082 3295 1516 3403 suscipiens
1537 3356 1556 3393 ,
1600 3292 2017 3375 dominum
2055 3295 2555 3380 Ludovicum
2584 3299 2868 3382 ducem
2895 3301 3388 3413 Andegavie,
3439 3324 3867 3415 cognatum

1082 3434 1290 3540 regis
1353 3432 1724 3531 Francie,
1790 3451 2045 3514 matre
2100 3435 2271 3543 ejus
2293 3498 2314 3535 ,
2372 3436 2852 3539 baronibuS,
2918 3459 2997 3521 et
3045 3441 3289 3524 fratre
3335 3442 3506 3552 ejus
3557 3442 3862 3524 Karolo

1082 3569 1584 3677 presentibus
1606 3630 1628 3667 ,
1678 3588 2031 3677 sceptro,
2068 3600 2368 3653 corona
2411 3604 2502 3655 ac
2539 3577 2938 3685 regalibus
2973 3580 3248 3661 infulis
3299 3582 3750 3689 insignivit,
3784 3598 3866 3661 et

1081 3735 1333 3816 regno
1372 3706 1636 3787 Sicilie
1669 3708 1824 3787 sibi
1846 3708 2405 3819 jure.paterno
2437 3711 2800 3797 debitum
2837 3719 3269 3801 investivit.
3297 3722 3569 3801 Unum
3597 3737 3865 3800 autem

1081 3846 1290 3925 inter
1331 3846 1803 3925 cerimonias
1834 3865 2177 3931 servatas
2216 3876 2499 3930 censeo
2539 3851 2671 3933 hic
2700 3855 3170 3936 notandum.
3193 3857 3401 3937 Nam
3437 3875 3867 3968 antequam

1083 3982 1631 4088 accingeretur
1654 3982 1901 4091 regali
1922 3982 2247 4066 baltheo
2266 4046 2288 4084 ‚
2322 4015 2589 4069 ensem
2614 3993 3010 4101 recipiens
3032 3993 3139 4074 ab
3178 3994 3405 4076 altari
3439 3997 3524 4075 in
3547 3998 3865 4106 signum

1086 4115 1305 4225 quod
1351 4145 1687 4228 regnum
1722 4120 1828 4201 ab
1867 4121 2212 4202 Ecclesia
2255 4125 2616 4227 tenebat,
2667 4130 2846 4209 vive
2886 4135 3103 4212 vocis
3150 4130 3472 4214 oraculo
3514 4133 3863 4214 solemne
3902 4186 3909 4193 -

1081 4255 1434 4361 prestitit
1472 4256 2011 4363 juramentum
2032 4317 2053 4357 ‚
2092 4260 2310 4370 quod
2345 4262 2601 4345 eidem
2652 4265 2991 4347 fideliter
3034 4268 3437 4370 obediret,
3477 4270 3864 4382 quamdiu

1083 4392 1329 4472 vitam
1376 4390 1702 4473 duceret
1741 4396 1824 4473 in
1875 4395 2268 4478 humaniS.
2312 4400 2641 4482 Peracto
2689 4422 2951 4485 autem
2998 4409 3552 4489 coronacionis
3600 4410 3865 4489 miste-

1083 4531 1207 4608 rio
1227 4589 1247 4626 ,
1290 4531 1378 4609 in
1411 4546 1621 4610 statu
1661 4560 1806 4611 suo
1838 4535 2059 4641 regio
2100 4535 2355 4616 aulam
2396 4541 2600 4619 sacri
2642 4541 2928 4649 palacii
2969 4545 3430 4652 epulaturus
3463 4548 3862 4659 ingressus

1081 4683 1198 4746 est
1216 4728 1236 4766 ,
1277 4684 1515 4780 atque
1545 4668 1633 4749 in
1665 4669 2015 4753 secundo
2047 4668 2269 4769 disco
2311 4694 2497 4785 post
2533 4705 2798 4788 regem
2829 4681 2894 4761 F
2895 4686 3162 4767 rancie
3193 4682 3526 4794 sedens,
3560 4702 3641 4766 et
3671 4703 3861 4766 tunc
