4666 6014
1109 669 1255 765 356
1472 627 1484 640 ’
1577 678 2259 756 CHRONICORUM
2308 677 2999 756 mou-ssxn
3048 679 3224 754 Lm.
3280 677 3407 754 v1.

1229 838 1328 915 Et
1373 832 1591 931 iden,
1636 849 1728 912 ut
1768 832 2065 911 scirent
2105 829 2535 911 adversarii
2576 859 2915 939 regnum
2962 828 3165 912 adeo
3208 828 3587 911 vallidum
3612 891 3631 927 ‚
3675 831 3897 941 quod

1113 959 1279 1053 non
1319 971 1593 1050 solumv
1615 995 1883 1049 arcere
1928 968 2134 1047 bella
2168 966 2306 1047 sed
2342 967 2555 1047 ultro
2610 970 2860 1046 eciam
2900 966 3199 1048 inferre
3252 984 3519 1075 posset
3541 1026 3562 1065 ,
3602 968 3899 1075 capita-

1114 1112 1281 1189 neis
1329 1108 1555 1215 regni
1613 1105 1920 1184 delectu
1963 1103 2285 1184 decreto
2343 1121 2826 1212 pugnatores
2889 1120 3353 1211 preceperat
3414 1123 3897 1210 congregare

1113 1244 1215 1323 ad
1252 1243 1601 1324 medium
1637 1239 1844 1352 jullii
1887 1257 2197 1349 tempus
2221 1303 2239 1338 ,
2295 1238 2567 1322 dicens
2612 1269 2773 1351 quo
2826 1240 3107 1319 armati
3145 1237 3358 1346 apud
3390 1240 3898 1319 Attrebatum

1113 1384 1707 1478 convenienteS,
1745 1376 2394 1487 recipiendorum
2417 1395 2961 1458 recenseretur
2995 1404 3395 1480 numerus.
3425 1375 3770 1457 Ulterius
3801 1404 3899 1455 ex

1113 1522 1176 1596 F
1181 1519 1450 1597 rancie
1480 1519 1645 1597 oris
1671 1516 2089 1598 maritimis
2120 1516 2525 1626 ingentem
2552 1515 2878 1595 classem
2906 1513 3626 1598 navimn‚contrahi
3655 1515 3902 1624 impe-

1118 1657 1358 1752 ravit,
1402 1672 1481 1732 et
1516 1650 1617 1732 ad
1648 1653 2261 1732 famosissimum
2292 1670 2619 1760 portum
2654 1652 3008 1745 Eseluse‚
3046 1652 3185 1760 qui
3221 1652 3307 1729 in
3341 1678 3617 1729 omnes
3642 1625 3899 1728 'terras

1118 1791 1284 1871 vela
1333 1790 1584 1889 mitit,
1641 1808 1720 1868 et
1757 1786 1972 1868 unde
2010 1788 2272 1868 brevis
2316 1791 2400 1867 in
2443 1788 2813 1896 Angliam
2854 1805 2974 1867 est
3012 1788 3396 1866 transitus
3419 1848 3437 1883 ,
3473 1786 3898 1895 applicari,

1119 1927 1534 2008 dominum
1578 1927 2024 2004 Johannem
2075 1922 2174 2004 de
2216 1924 2530 2004 Vienna
2556 1986 2575 2022 ‚
2636 1922 3140 2003 admiralium
3198 1922 3574 2019 Francie,
3645 1926 3899 2002 virum

1120 2070 1394 2176 utique
1441 2064 1648 2143 fame
1698 2060 2017 2146 avidum
2062 2079 2143 2140 et
2213 2063 2705 2140 strenuitatis
2759 2063 3086 2157 eximie,
3154 2059 3378 2139 classi
3436 2059 3855 2167 preficiens
3881 2121 3899 2156 ,

1117 2222 1196 2282 et
1249 2219 1340 2280 ut
1382 2201 1534 2280 sub
1578 2200 1747 2309 ejus
1798 2198 2067 2305 regula
2124 2198 2423 2282 navalis
2462 2200 2854 2280 exercitus
2898 2196 3111 2275 mille
3157 2214 3239 2275 et
3277 2198 3903 2305 quingentorum

1120 2341 1634 2424 loricatorum
1681 2333 1783 2414 ad
1825 2363 2174 2442 unguem
2219 2352 2649 2443 regeretur.
2716 2335 3011 2413 Iterum
3074 2362 3176 2412 ne
3236 2352 3547 2440 semper
3601 2360 3899 2413 assues-

1065 2519 1070 2525 ·
1120 2493 1391 2555 cerent
1428 2467 1698 2553 hostes
1740 2470 2150 2571 invadere,
2194 2468 2328 2551 sed
2369 2468 2639 2550 invadi
2672 2472 2909 2550 etiam
2943 2453 3350 2550 interdum
3374 2533 3392 2568 ‚
3437 2472 3907 2550 auctoritate

1122 2613 1337 2718 regia
1384 2610 1536 2688 sibi
1593 2606 1818 2688 dedjt
1852 2609 1936 2686 in
1979 2605 2381 2686 mandatis
2422 2625 2512 2685 ut
2544 2606 2902 2685 Scociam
2936 2609 3273 2686 Francie
3312 2624 3504 2686 tunc
3544 2603 3910 2688 confede-

1079 2729 1090 2740 ⁵
1124 2765 1378 2830 ratam
1398 2747 1830 2852 attingenS,
1862 2744 2198 2823 Francie
2222 2743 2937 2823 conestabularium
2969 2762 3047 2823 et
3074 2743 3614 2834 marescallum
3643 2740 3912 2824 Ludo-

1124 2888 1384 2964 vicum
1423 2882 1642 2964 Sacri
1677 2881 1983 2960 Cesaris
2023 2908 2115 2958 ac
2155 2881 2404 2960 eciam
2446 2881 3058 2994 Engerrannum
3109 2876 3528 2962 dominum
3561 2878 3661 2959 de
3695 2880 3910 2960 Cou—

1125 3024 1341 3101 eiaco
1373 3015 1810 3099 mittendos
1833 3034 2287 3123 expectaret
2310 3079 2328 3114 ,
2372 3036 2469 3097 ut
2489 3079 2507 3114 ,
2536 3021 2653 3099 sic
2704 3016 3168 3099 coadunatis
3198 3019 3451 3125 copiis
3470 3078 3495 3119 2
3534 3015 3907 3097 audacius

1129 3155 1496 3264 Angliam
1566 3155 2148 3250 subintrantes,
2207 3154 2537 3232 liberius
2604 3172 3177 3260 grassarentur.
3247 3154 3656 3264 Reliquam
3720 3180 3907 3233 vero

1127 3310 1436 3399 partem
1499 3290 1888 3370 exercitus
1931 3287 2032 3367 ad
2081 3291 2569 3367 maritimam
2614 3317 2840 3367 oram
2885 3288 3267 3368 tuendam
3313 3291 3737 3401 hostesque
3784 3319 3908 3369 ar·

1128 3427 1421 3510 cendos
1467 3457 1513 3506 a
1565 3425 1976 3504 littoribus
2026 3421 2455 3505 ordinavit.

1245 3566 1347 3644 Et
1379 3567 1593 3676 quia,
1631 3579 2022 3673 quantum
2059 3558 2437 3640 adauctus
2467 3577 2636 3640 erat
2662 3588 3039 3642 numerus
3068 3580 3608 3671 pugnatorum
3627 3624 3646 3660 ,
3682 3578 3908 3640 tanto

1132 3688 1435 3813 majore
1493 3700 1872 3809 peccunia
1909 3700 1995 3776 in
2053 3696 2476 3807 stipendiis
2523 3727 2725 3806 opus
2776 3717 2988 3797 erat,
3038 3699 3153 3778 ob¹
3216 3701 3576 3811 inopiam
3627 3698 3911 3807 regalis

1132 3840 1419 3936 erarii,
1495 3840 1748 3945 ipsam
1809 3834 1866 3912 a'
1933 3834 2257 3943 prelatis
2338 3852 2416 3913 et
2475 3836 2897 3943 regnicolis
2916 3864 2965 3934 f,·
3035 3838 3276 3915 tituto
3371 3832 3864 3916 accomodati
3892 3895 3912 3933 ,

1134 3978 1524 4087 quesivit3
1588 4001 1830 4084 quam
1867 3969 2446 4087 postmodum,
2498 3989 2589 4051 ut
2633 3975 3147 4081 promiserat,
3204 3971 3633 4081 persolvit3
3695 3970 3916 4083 quod

1135 4131 1330 4192 tunc
1353 4174 1371 4209 ,
1403 4113 1594 4222 quia
1636 4137 1803 4189 non
1835 4108 2210 4205 solitum„
2245 4108 2704 4216 vulgaribus
2740 4109 3205 4191 incredibile
3233 4107 3678 4191 videbatur.
3713 4110 3918 4189 Sane

1143 4222 1562 4327 occasione
1582 4273 2048 4354 guerrarum
2083 4246 2499 4334 annuatim
2518 4246 2716 4326 bino
2736 4247 2931 4356 jugo
2956 4247 3397 4355 peccuniali
3417 4245 3711 4327 urbani
3737 4268 3916 4325 cum

1142 4384 1510 4469 ruricolis
1562 4382 1759 4463 colla
1821 4383 2254 4493 submitere
2307 4383 2843 4490 cogebantur3
2902 4382 3123 4494 quod
3181 4402 3261 4464 et
3304 4386 3372 4465 si
3432 4382 3918 4495 aliquantula

1143 4519 1913 4635 mora,·,indigencia
1957 4538 2292 4633 urgente
2318 4581 2339 4617 ‚
2376 4518 2690 4611 ,solvere
2732 4518 3265 4602 detrectarent
3289 4585 3307 4620 ,
3362 4519 3465 4601 ad
3526 4519 3916 4628 ergastula

1142 4663 1514 4767 protinus
1551 4654 2080 4737 'trahebantur
2107 4718 2126 4754 ‚
2167 4675 2260 4736 ut
2299 4654 2771 4739 vendicione
2807 4646 3311 4769 supellectilis
3352 4676 3623 4739 taxum
3656 4659 3917 4763 impo-

1143 4800 1386 4881 situm
1427 4797 1875 4904 reciperent
1929 4796 2128 4902 regii
2170 4795 2650 4895 collectores.
2703 4794 2904 4877 Inde
2954 4802 3038 4877 in
3086 4799 3367 4897 multis·
3396 4796 3735 4883 urbibus
3784 4797 3924 4906 qui
