4666 6014
1106 705 1251 776 554
1558 693 2242 771 CHRONICORUM
2293 693 2649 769 KAROLI
2699 693 2983 769 sEx'n
3032 694 3209 766 LlB.
3264 689 3400 766 IX.

1105 848 1560 930 discrimine
1603 846 1688 926 id
1732 865 1995 928 actum
2034 866 2173 928 est.
2236 849 2440 930 Nam
2481 847 2708 926 multi
2759 843 3150 925 vadorum
3179 843 3479 951 ignari,
3522 841 3661 950 qui
3701 865 3885 919 cum

1100 962 1474 1066 vehiculis
1508 1011 1704 1065 auro
1724 1049 1743 1084 ,
1783 986 1988 1065 vasis
2027 986 2420 1093 argenteis
2455 1002 2535 1064 et
2574 982 3050 1091 supellectile
3091 997 3556 1090 sumptuosa
3593 1003 3880 1059 onera·-

1104 1124 1203 1202 tis
1240 1121 1807 1231 precedebant,
1847 1120 2084 1202 undis
2123 1113 2614 1203 tumentibus
2648 1121 2858 1229 rapti
2896 1119 3340 1228 perierunt,
3374 1116 3690 1197 amissis
3730 1141 3888 1226 que

1103 1256 1706 1358 conducebant3
1762 1285 1917 1372 que
1957 1258 2470 1368 postmodum
2510 1261 2596 1338 in
2629 1255 2961 1370 predam
3004 1256 3713 1365 compatriotarum
3753 1280 3886 1331 ve-

1101 1416 1435 1495 nerunt3
1468 1395 1686 1479 unde
1712 1398 2077 1478 nonnulli
2103 1427 2204 1479 ex
2239 1400 2434 1507 ipsis
2470 1416 2552 1479 et
2588 1426 2835 1510 usque
2865 1391 2967 1477 ad
3011 1422 3378 1475 nauseam
3409 1410 3595 1473 sunt
3623 1388 3883 1473 ditati.

1218 1533 1458 1636 Quod
1493 1535 2020 1643 percipientes
2050 1538 2325 1635 ceteri,
2358 1538 2518 1616 huc
2545 1536 2883 1645 illucque
2917 1551 3305 1641 temptare
3329 1546 3714 1640 ceperunt
3744 1529 3884 1609 ubi

1106 1699 1308 1779 aque
1359 1669 1868 1780 profunditas
1920 1674 2189 1754 minor
2236 1690 2477 1773 esset,
2525 1672 2783 1755 donec
2820 1670 3222 1779 equitibus
3259 1670 3422 1750 suis
3457 1665 3751 1749 vadum
3800 1667 3888 1745 in

1107 1806 1437 1888 flumine
1473 1826 1978 1917 repererunt3
2025 1811 2293 1918 sicque
2332 1811 2799 1889 transversis
2843 1808 3300 1888 catervatim
3347 1806 3576 1915 equis
3626 1804 3891 1913 majo·
3995 1831 4002 1838 ·

1107 1943 1332 2025 ribus
1350 2006 1370 2043 ,
1401 1947 1541 2053 qui
1573 1943 1971 2027 undarum
2003 1948 2356 2054 primum
2380 1948 2764 2054 impetum
2793 1945 3298 2041 sustinerent,
3339 1958 3647 2051 partem
3670 1967 3891 2024 exer·

1040 2162 1045 2168 ,
1108 2083 1309 2161 citus
1340 2080 1890 2162 traduxerunt.
1936 2083 2101 2184 Qui
2133 2100 2396 2162 autem
2439 2111 2614 2162 cum
2648 2108 2831 2190 rege
2871 2096 3098 2161 erant
3126 2142 3145 2178 ,
3184 2078 3512 2158 fluvium
3553 2105 3890 2185 exsupe-

1102 2234 1401 2317 rantes,
1441 2246 1605 2298 non
1648 2247 1825 2298 cum
1855 2217 2325 2300 difficultate
2356 2221 2672 2328 rippam
2713 2213 3169 2298 ulteriorem
3210 2217 3729 2324 attingerant.
3767 2214 3886 2293 Ex

1109 2356 1487 2462 gregariis
1516 2372 1780 2434 autem
1799 2418 1818 2454 ,
1851 2357 1990 2465 qui
2021 2353 2468 2435 desilientes
2494 2356 2578 2434 in
2609 2382 2891 2464 aquam
2917 2351 3157 2434 undis
3182 2380 3265 2432 se
3290 2353 3886 2449 commiserant,

1108 2492 1486 2599 perpauci
1519 2493 1603 2570 in
1647 2492 2123 2571 anteriorem
2166 2493 2480 2599 rippam
2523 2507 3071 2587 tranaverunt3
3113 2505 3193 2569 et
3229 2488 3396 2569 fere
3435 2488 3889 2568 innumera-

1110 2625 1308 2705 biles
1361 2624 1762 2736 nandique
1821 2628 2170 2734 imperiti
2188 2688 2208 2722 ,
2266 2642 2403 2705 aut
2455 2623 2809 2726 invallidi
2828 2688 2848 2725 ,
2902 2653 3171 2734 graves
3223 2624 3491 2706 loricis
3561 2625 3890 2735 aliisque

1110 2764 1620 2871 tegminibus,
1638 2769 2112 2870 ¹comparere
2141 2759 2546 2842 desierunt
2580 2759 3061 2843 fluentorum
3091 2764 3465 2872 voragine
3495 2763 3890 2858 suffocati.

1107 2899 1283 2978 Hiis
1320 2916 1579 2978 autem
1611 2899 1754 3009 qui
1797 2916 2207 2980 evaserant
2245 2897 2413 2979 dux
2441 2898 2936 3010 Burgundie,
2972 2899 3461 2983 Brebantino
3491 2899 3663 2981 solo
3686 2898 3891 2981 desi-

1086 3014 1445 3115 ‘derabili
1468 3063 1824 3144 parcens,
1853 3038 2199 3146 primum
2232 3035 2600 3119 odiosum
2629 3036 2780 3119 iter
2799 3039 3032 3148 jussit
3063 3040 3350 3120 iterum
3373 3057 3668 3121 tenere.
3702 3038 3893 3121 Ideo

1109 3170 1616 3281 displicencia
1672 3174 1785 3254 sic
1837 3175 2270 3256 stimulavit
2324 3170 2798 3283 regressum,
2854 3173 3073 3285 quod
3123 3178 3209 3255 in
3267 3175 3584 3257 modico
3623 3176 3893 3287 spacio

1110 3326 1556 3416 protractas
1604 3313 1823 3419 prius
1863 3309 2114 3392 dietas
2156 3294 2465 3421 magnis
2503 3311 2925 3393 itineribus
2961 3330 3424 3423 peragentes
3440 3376 3459 3412 ,
3510 3331 3589 3394 et
3629 3316 3741 3393 sic
3776 3340 3896 3393 re-

1113 3473 1287 3555 gem
1348 3449 1613 3528 Remis
1658 3432 2182 3548 reduxerunt,
2244 3448 2386 3529 ubi
2446 3448 2732 3530 festum
2783 3451 3143 3530 omnium
3189 3442 3892 3531 sanctorum'cele-

1110 3582 1397 3664 bravit.

2072 3731 2743 3813 CAPITULUM
2789 3735 2888 3812 X.
2999 3714 3008 3719 ’

1688 3938 1761 3999 In
1795 3928 2040 4002 consilio
2071 3941 2436 4002 concluditur
2461 3954 2528 4001 ut
2557 3962 2660 4002 rex
2690 3899 2844 4002 solus
2873 3954 3032 4022 regat
3060 3932 3326 4021 regnum,

1225 4141 1455 4223 Tunc
1493 4170 1629 4224 rex
1670 4145 1960 4227 milites
1991 4163 2072 4227 et
2092 4148 2528 4256 armigeros
2555 4147 2856 4227 meritis
2893 4144 3261 4227 laudibus
3305 4147 3711 4229 celebrans
3740 4177 3891 4257 pro

1111 4277 1521 4361 laboribus
1565 4284 1994 4392 perpessis,
2041 4312 2518 4395 manumque
2555 4284 2977 4393 porrigens
3022 4279 3571 4366 munificencie
3602 4284 3893 4366 libera-

1112 4412 1249 4518 lis,
1297 4416 1683 4528 quosdam
1733 4421 1989 4501 aureis
2048 4419 2376 4501 donavit
2429 4418 2934 4520 muneribus;
2991 4420 3522 4533 quorumdam
3577 4452 3701 4527 res
3756 4422 3898 4502 do-

1114 4540 1476 4635 mesticas
1536 4551 1888 4637 reddidit
1949 4556 2413 4667 ampliores,
2474 4559 2751 4639 ceteris
2811 4560 3113 4669 gracias
3158 4560 3321 4670 egit
3378 4558 3900 4669 spopondens

1118 4717 1305 4800 erga
1344 4694 1564 4801 ipsos
1610 4693 1966 4779 exhibite
1995 4695 2344 4779 caritatis
2376 4721 2543 4777 non
2593 4697 3130 4779 immemorem
3170 4724 3253 4779 se
3294 4698 3676 4779 futurum.
3714 4699 3896 4776 Per-

1114 4845 1445 4937 actaque
1480 4829 2017 4933 solemnitate,
2053 4833 2276 4941 jussu
2307 4833 2506 4941 eJ'us,
2535 4860 2716 4915 cum
2739 4835 3112 4915 omnibus
3135 4834 3243 4915 de
3259 4836 3482 4944 regio
3513 4836 3898 4944 sanguine
