4666 6014
1019 659 1165 732 288
1496 644 2187 746 cnRomcomJM
2236 613 2595 722 KARfflj
2647 646 2931 724 sEx‘rl
2981 648 3157 732 Lm.
3212 649 3340 726 ιν.

1011 843 1049 882 <c
1085 793 1416 888 madore
1457 805 1685 913 ,jugis
1750 829 1983 920 aque·
2012 817 2652 911 corrumpuntur
2715 818 2796 881 et
2855 818 3365 909 putrescunt,
3427 825 3575 900 nec
3637 832 3825 913 pos-

1007 981 1045 1020 «
1089 962 1279 1026 sunt
1313 945 1340 987 ¹
1408 942 1869 1022 continuari
1933 968 2444 1050 congressuS,
2501 940 2701 1051 quin
2762 938 3033 1019 hostes
3086 939 3499 1032 meliorem
3557 941 3816 1022 calcu-

1007 1118 1044 1155 «
1091 1083 1256 1161 lum
1321 1097 1854 1188 reportarent.
1917 1077 2056 1157 Hii
2110 1097 2302 1158 sunt
2324 1141 2345 1178 ,
2404 1094 2497 1158 ut
2556 1105 2836 1156 verum
2904 1076 3182 1176 fatear,
3256 1103 3463 1189 quos
3527 1081 3819 1190 Anglia

1005 1257 1042 1295 <c
1086 1215 1406 1336 inclitos
1478 1235 1560 1299 et
1628 1219 2002 1300 emeritos
2059 1218 2403 1329 protulit
2464 1229 3009 1328 pugnatore53
3093 1247 3241 1298 nec
3319 1217 3517 1299 illud
3586 1222 3812 1328 parvi

1006 1396 1042 1433 «
1075 1361 1458 1440 'existimo
1481 1420 1501 1458 ,
1545 1356 1768 1472 quod
1803 1383 2038 1442 nomo
2085 1357 2408 1437 illorum
2435 1374 2555 1437 est
2584 1356 2810 1465 cujus
2859 1371 3027 1437 non
3058 1374 3245 1436 ante
3286 1356 3558 1438 oculos
3599 1360 3806 1465 ipse,

1003 1532 1039 1570 ‹<
1082 1499 1475 1577 virtutum
1539 1512 1967 1605 spectator,
2021 1495 2388 1575 militaris
2452 1492 2758 1607 aliquid
2809 1492 3158 1575 viderim
3219 1492 3564 1575 edidisse
3617 1523 3809 1605 pro-

1004 1670 1040 1708 «
1082 1635 1382 1715 bitatis.
1430 1636 1534 1714 Et
1579 1635 1647 1714 si
1688 1663 1732 1713 a
1771 1635 2051 1714 vestris
2091 1633 2398 1713 fuerint
2436 1633 2998 1729 circumventi,
3039 1629 3143 1712 ad
3185 1609 3553 1732 uftimum
3596 1632 3808 1713 vide-

999 1810 1037 1848 «
1077 1772 1273 1854 bitis
1331 1774 1582 1853 fortes
1639 1775 1856 1852 viros
1877 1834 1895 1870 ,
1973 1774 2186 1853 inter
2246 1772 2668 1852 victoriam
2721 1789 3162 1852 mortemve
3231 1772 3458 1883 quasi
3518 1769 3803 1883 despe-

995 1946 1035 1985 ‹c
1077 1915 1402 1992 racione
1430 1911 1804 2009 obrutOS‚
1846 1940 2025 1990 cum
2047 1927 2387 1990 cruento
2420 1911 2855 1990 certamine
2881 1927 3227 1989 mortem
3254 1910 3533 2019 pocius
3561 1939 3804 2020 oppe-

994 2069 1242 2130 ‹<.tere
1273 2053 1304 2095 ¹
1354 2079 1596 2164 quam
1632 2052 2171 2158 ignominiose
2210 2052 2415 2159 capi.
2444 2047 2892 2128 Victoriam
2929 2049 3176 2157 igitur
3209 2077 3451 2160 quam
3488 2048 3800 2129 facilem

992 2222 1030 2262 α
1070 2183 1412 2268 forsitan
1450 2185 1869 2298 judicatis,
1909 2185 2257 2267 djfficilis
2302 2201 2462 2286 est,
2510 2204 2591 2266 et
2614 2249 2632 2284 ‚
2680 2186 2929 2266 michi
2960 2183 3294 2284 credite,
3338 2189 3796 2297 principum

991 2359 1032 2399 <c
1072 2345 1152 2405 et
1198 2327 1598 2407 baronum
1646 2326 2079 2406 multorum
2123 2342 2386 2407 morte
2431 2344 2874 2423 constaret,
2908 2327 3048 2438 qui
3090 2355 3404 2435 semper
3446 2325 3567 2406 ad*
3593 2345 3792 2406 stre-

987 2499 1025 2537 «
1068 2433 1397 2544 unitatis
1439 2464 1763 2543 titulum
1804 2445 2390 2574 acquirendum
2433 2462 2520 2540 in
2565 2462 2961 2541 similibus
3010 2481 3595 2544 consueverunt
3632 2464 3827 2566 for-⁸

985 2636 1023 2673 <c
1065 2605 1233 2681 cius
1282 2600 1681 2681 anhelare.
1728 2581 1975 2699 Quod
2016 2616 2281 2679 tamen
2339 2599 2673 2679 consulo
2723 2598 3319 2704 racionabiliter
3371 2630 3794 2710 precaven-

913 2795 933 2806 -
982 2774 1019 2812 «
1058 2736 1288 2850 dum,
1352 2740 1592 2856 cun-1⁴¹⁸
1665 2738 2089 2845 negocium
2153 2738 2411 2846 possit
2481 2736 2819 2817 feliciori
2884 2740 3106 2838 exitu
3174 2742 3645 2823 terminari.¹
3679 2743 3788 2820 Ut

983 2911 1021 2949 «
1065 2876 1332 2958 finem‘
1359 2872 1764 2954 discordie
1807 2902 2284 2983 regnorum,
2325 2902 2484 2986 que
2539 2903 2700 2984 pax
2759 2891 2878 2958 est
2903 2937 2924 2973 ,
2980 2878 3223 2954 armis
3266 2857 3405 2954 vel=
3436 2877 3788 2984 legacio-

981 3048 1020 3086 «
1061 3014 1305 3093 nibus
1369 3028 1640 3122 posset
1720 3010 2106 3118 adipisci,
2181 3012 2473 3093 Franci
2557 3040 2812 3093 annos
2878 3012 3271 3121 plurimos
3343 3014 3430 3092 in
3493 3043 3786 3095 vanum

981 3186 1018 3223 c<
1062 3169 1761 3260 consumpserunt.
1826 3148 1983 3230 Sed
2039 3149 2261 3264 quod
2319 3151 2707 3232 hactenus
2765 3151 3262 3260 impossibile
3319 3157 3575 3253 vjsum
3628 3155 3786 3235 fuit

979 3322 1017 3360 ‹<
1058 3286 1321 3384 vobis,
1380 3315 1598 3368 nunc
1659 3315 1842 3367 cum
1893 3288 2352 3398 juramento
2417 3291 2774 3400 promito
2831 3287 3438 3398 transigendum
3460 3352 3485 3391 ‚
3542 3292 3610 3369 si
3667 3291 3779 3405 le:-

976 3457 1016 3499 α
1058 3426 1393 3533 gacione
1461 3424 1794 3534 pacifica
1855 3426 2079 3533 prius
2140 3425 2440 3508 functis
2501 3428 2870 3508 hostibus
2935 3455 3339 3535 egressum
3398 3422 3739 3508 liberum
3757 3491 3776 3527 ,

975 3597 1013 3635 «
1055 3563 1250 3672 ipsis
1296 3564 1826 3643 necessarium
1873 3566 2154 3672 pocius
2214 3594 2458 3678 quam
2506 3566 2937 3648 honestum
2955 3628 2975 3665 ,
3023 3566 3233 3646 salva
3273 3567 3436 3645 vita
3487 3584 3566 3646 et
3610 3595 3779 3646 mo-

974 3734 1012 3772 «
1052 3700 1200 3781 bili
1227 3763 1247 3800 ,
1307 3699 1788 3782 concedatis.
1845 3688 2162 3784 Eorum
2224 3706 2617 3814 sanguine
2680 3682 2852 3785 non
2913 3706 3161 3813 egetis
3184 3760 3235 3802 ‚-
3277 3706 3776 3805 serenissime

967 3872 1006 3911 <c
1046 3836 1466 3949 princeps;
1513 3837 1695 3920 ideo
1745 3837 2212 3922 condicioni
2242 3844 2766 3954 acquiescatis
2815 3842 3265 3922 clementer.
3309 3843 3512 3921 Nam
3533 3905 3551 3940 ,
3591 3861 3673 3923 et
3704 3847 3771 3923 si

974 4010 1011 4047 <c
1055 3975 1477 4085 pugnandi
1532 4006 1624 4057 ac
1678 3976 2053 4059 vincendi
2111 3978 2434 4069 avidum
2495 4007 2638 4060 vos
2694 4008 2864 4060 non
2921 4007 3203 4087 negem
3226 4040 3246 4078 ,
3302 4008 3538 4061 ausus
3597 4008 3775 4061 sum

972 4147 1010 4191 nt
1052 4130 1319 4193 tamen
1376 4111 1673 4195 addere
1701 4178 1722 4214 ,
1784 4144 1967 4196 cum
2030 4120 2530 4198 correctione
2592 4119 2954 4199 omnium
2986 4180 3004 4216 ,
3067 4115 3289 4230 quod
3351 4119 3771 4200 clariorem

969 4285 1006 4323 <c
1048 4278 1190 4329 vos
1246 4264 1394 4361 'per
1443 4252 1668 4333 orbis
1723 4252 2041 4332 climata
2097 4252 2444 4336 reddent
2497 4285 2773 4367 pacem
2821 4283 3075 4366 regno
3133 4256 3434 4371 absque
3486 4285 3769 4340 cruore

967 4424 1005 4462 «
1051 4389 1405 4470 humano
1470 4391 1896 4504 acquisisse
1917 4452 1936 4488 ‚
2003 4420 2247 4504 quam
2316 4392 2421 4475 ad
2477 4424 2732 4495 unum
2795 4422 3071 4474 omnes
3138 4394 3407 4477 hostes
3470 4396 3766 4475 miseri-

968 4562 1006 4601 «
1046 4525 1406 4608 cordiam
1465 4546 1885 4638 poscentes
1942 4527 2349 4612 occidisse.
2396 4568 2433 4607 >2
3764 4536 3775 4547 '

1034 4743 1050 4765 ⁸
1095 4735 1237 4791 Var.
1263 4761 1277 4788 .-
1298 4748 1362 4791 n⁰
1385 4733 1558 4810 5960,
1587 4736 1679 4792 sol.
1700 4734 1774 4792 56
1801 4756 1874 4806 r.,
1900 4748 2149 4808 possent.
2390 4788 2401 4797 .
2468 4747 2484 4778 ³
2530 4743 2670 4797 Var.
2693 4767 2707 4794 .-
2726 4760 2791 4797 ιν
2815 4742 2986 4817 5960,
3015 4741 3114 4800 fol.
3140 4740 3215 4798 56
3237 4758 3307 4807 r.‚
3339 4743 3582 4796 maxime
3608 4756 3754 4793 cum.

1034 4827 1051 4849 ²
1093 4820 1236 4875 Var.
1265 4845 1278 4873 .-
1305 4825 1369 4875 α’
1395 4819 1536 4895 5960
1553 4863 1568 4891 ,
1601 4820 1698 4876 sol.
1723 4818 1884 4888 56r.‚
1911 4831 2191 4894 appetere.
