4666 6014
1013 646 1157 718 460
1474 639 2158 720 CHRONlcoRUM
2207 640 2564 715 KARou
2613 639 2899 714 SExT1
2949 599 3125 713 Lm.
3152 635 3336 715 Ἧι.

1028 793 1302 872 accitis
1333 792 1676 894 nauticis
1703 792 1895 871 viris
1915 853 1935 890 ,
1971 820 2152 871 cum
2185 791 2384 904 quid
2417 811 2619 873 esset
2651 809 2844 872 tunc
2875 789 3277 900 agendum
3308 807 3800 902 quereretur,

1017 931 1446 1009 transitum
1497 905 2074 1037 impossibilem
2123 927 2650 1041 jurejurando
2692 930 3180 1010 unanimiter
3220 928 3801 1010 concluserunt.

1016 1065 1263 1168 Quod
1294 1094 1434 1146 rex
1461 1068 1794 1176 cupiens
1816 1068 2205 1176 experiri,
2240 1066 2587 1178 quadam
2617 1064 2773 1166 die,
2807 1066 3396 1178 transquilitate
3426 1064 3802 1164 durante,

1016 1222 1365 1284 armatus
1422 1232 1605 1283 cum
1659 1204 2065 1284 avunculis
2117 1233 2401 1286 navem
2453 1208 2754 1314 regiam
2817 1206 3190 1303 intravit3
3241 1232 3479 1315 quam
3538 1223 3806 1284 tamen

989 1360 1296 1442 ¹ventus
1338 1342 1547 1421 ultra
1594 1340 1757 1422 duo
1795 1341 2134 1422 miliaria
2176 1341 2560 1452 progredi
2604 1371 2771 1422 non
2805 1344 3210 1450 permisit,
3256 1340 3413 1421 sed*
3440 1340 3542 1421 ad
3581 1334 3806 1422 littus

1015 1478 1234 1559 unde
1296 1480 1634 1577 exierat,
1702 1480 1974 1559 invitis
2035 1478 2705 1579 conductoribus,
2767 1477 3112 1559 reduxit.
3174 1477 3466 1590 Sicque
3526 1477 3809 1559 videns

1018 1612 1236 1728 quod
1279 1614 1717 1696 effluebant
1751 1632 2117 1725 tempora
2146 1618 2318 1697 sine
2347 1617 2652 1715 fructu,
2693 1645 2887 1697 voce
2923 1618 3303 1726 preconia
3340 1618 3647 1698 cunctis
3686 1645 3812 1696 req

1021 1751 1279 1834 ditum
1334 1752 1610 1834 edixit.
1673 1755 1861 1855 Quo
1911 1752 2188 1835 audito
2213 1817 2233 1852 ,
2294 1758 2500 1836 sicut
2560 1756 2646 1834 in
2692 1756 3050 1852 exercitu
3093 1772 3325 1834 erant
3380 1757 3812 1836 conciones

1019 1891 1385 1972 moribus
1415 1953 1435 1991 ,
1494 1910 1699 1984 etate
1720 1953 1739 1990 ,
1796 1920 2088 2001 genere
2129 1920 2220 1973 ac
2263 1895 2723 1973 intencione
2758 1891 3174 1972 dissimiles
3194 1953 3213 1991 ,
3254 1894 3368 1972 sic
3400 1892 3812 1972 nonnullis

1023 2027 1397 2137 gaudium
1424 2091 1443 2127 ,
1494 2028 1897 2140 plerisque
1953 2028 2316 2110 dolorem
2366 2031 2477 2110 ob
2519 2031 3033 2110 'amissionem
3077 2030 3631 2109 municionum
3685 2030 3812 2108 in-

1020 2165 1227 2245 tulit.
1284 2165 1601 2276 Reliqui
1634 2164 2137 2246 attendentes
2166 2164 2386 2278 quod
2417 2195 2587 2273 non
2620 2194 2824 2277 equa
2853 2162 3215 2245 mercede
3244 2193 3524 2245 eorum
3553 2193 3817 2244 remu-

1023 2320 1498 2382 nerarentur
1545 2301 1859 2383 labores
1890 2365 1909 2403 ,
1953 2303 2291 2383 Francie
2346 2306 2732 2384 interiora
2787 2305 3083 2385 iterum
3124 2305 3665 2412 repecierunt,
3730 2318 3819 2381 ut

1024 2455 1444 2519 consuetas
1485 2440 1810 2548 rapinas
1852 2459 2337 2521 exercerent.
2375 2441 2607 2520 Tunc
2640 2438 2805 2520 dux
2836 2438 3297 2549 Burgundie
3327 2468 3517 2548 erga
3547 2467 3818 2548 regem

1023 2577 1372 2683 ingentis
1422 2577 1882 2685 capacitatis
1922 2575 2315 2686 oppidum
2360 2576 2752 2684 ligneum,
2805 2573 3025 2687 quod
3080 2604 3233 2685 pro
3283 2574 3597 2683 refugio
3639 2603 3818 2655 suo-

1024 2740 1204 2790 rum
1238 2714 1500 2821 aptari
1532 2712 1832 2791 fecerat
1854 2774 1873 2810 ,
1913 2728 2007 2791 ut
2047 2708 2356 2791 dictum
2378 2770 2404 2805 ‚
2452 2712 2908 2820 impetravit
2925 2770 2949 2806 ,
2992 2730 3073 2791 et
3110 2709 3308 2790 illud
3347 2712 3436 2790 in
3480 2710 3818 2789 circuitu

1021 2849 1447 2954 municipii
1487 2846 1805 2926 Escluse
1845 2847 2132 2927 elevari
2176 2847 2405 2946 fecit,
2453 2863 2808 2950 statuens
2846 2876 2942 2926 ex
2983 2874 3080 2926 eo
3108 2845 3696 2926 mansiunculas
3728 2848 3815 2924 in

1023 2981 1318 3093 quibus
1359 2980 1910 3077 machinarum
1959 2979 2586 3063 obsidionalium
2627 3000 2706 3062 et
2738 2981 3208 3063 bellicorum
3248 2983 3817 3063 instrumento-

1026 3146 1209 3196 rum
1249 3117 1590 3198 artifices
1621 3121 2005 3225 continue
2033 3135 2569 3198 morarentur.

1139 3255 1309 3333 Rex
1343 3233 1609 3335 tamen
1640 3253 1957 3335 rediens
1975 3318 1994 3352 ,
2026 3272 2107 3335 et
2134 3283 2318 3334 cum
2347 3283 2653 3336 summa
2684 3252 3192 3365 displicencia
3221 3255 3631 3365 perferens
3661 3282 3745 3335 se
3773 3284 3819 3333 a

1028 3388 1425 3470 desiderio
1449 3390 1933 3491 fraudatum,
1969 3389 2070 3471 de
2089 3392 2427 3472 consilio
2461 3392 2863 3495 baronum
2893 3394 3275 3504 relinquit
3303 3410 3648 3472 armatos
3673 3391 3817 3470 ali?-

1025 3556 1227 3636 quos
1268 3529 1485 3608 viros
1513 3590 1533 3628 ,
1570 3532 1712 3640 qui
1760 3530 2253 3610 exhonerato
2295 3531 2654 3638 navigio,
2690 3528 2886 3610 illud
2937 3531 3024 3608 in
3063 3547 3239 3609 tuto
3282 3557 3521 3640 quam
3570 3527 3817 3607 cicius

1026 3683 1353 3773 possent
1382 3664 1919 3747 subducerent
1943 3698 1961 3766 ;
2005 3670 2131 3747 cui
2161 3686 2428 3748 tamen
2457 3669 2729 3777 operi,
2768 3664 3396 3776 impedientibus
3419 3665 3814 3760 hostibuS,

1031 3830 1216 3882 non-
1254 3821 1695 3912 potuerunt
1749 3823 1914 3884 tam
1962 3803 2108 3884 diu
2153 3834 2396 3917 quam
2433 3804 2872 3885 voluissent
2910 3801 3312 3889 insudare.
3365 3782 3575 3881 Nam
3626 3829 3818 3880 mox

1031 3956 1124 4017 ut
1172 3942 1284 4018 eis
1326 3941 1629 4021 affulsit
1670 3939 2244 4022 transfretandi
2289 3944 2557 4022 votiva
2604 3941 3152 4052 transquilitas
3177 4001 3198 4039 ,
3245 3942 3331 4020 in
3377 3967 3514 4019 eos
3559 3939 3819 4019 insur-

1032 4096 1415 4157 rexerunt
1467 4107 1559 4158 ac
1612 4079 1887 4188 fugere
1926 4079 2531 4189 compulerunt3
2580 4079 2854 4191 sicque
2893 4079 3242 4197 maxima
3282 4094 3511 4186 parte
3552 4074 3817 4156 classis

1033 4231 1174 4294 aut
1223 4236 1566 4298 cremata
1632 4237 1771 4300 aut
1822 4222 1908 4299 in
1953 4219 2324 4328 Angliam
2366 4217 2705 4298 deducta
2726 4281 2745 4318 ,
2802 4217 3301 4298 municiones
3367 4215 3766 4324 rapientes
3794 4274 3814 4309 ,

1032 4350 1196 4431 duo
1236 4354 1452 4435 milia
1484 4354 1695 4436 dolia
1726 4357 1915 4436 vino
1952 4357 2190 4467 plena
2222 4377 2721 4467 repererunt,
2752 4354 2969 4437 unde
2997 4383 3144 4466 per
3172 4356 3415 4464 longa
3446 4370 3812 4462 tempora

1039 4489 1573 4601 indigenciam
1609 4494 1895 4603 Anglie
1934 4495 2524 4604 suppleverunt.
2554 4578 2567 4589 ,
