4666 6014
1158 727 1251 794 82
1652 716 2331 791 CHRONICORUM
2382 714 2735 788 KAROLI
2787 717 3072 788 SEXTI
3121 718 3297 788 LlB.
3353 717 3445 787 ΙΙ.

1156 887 1418 947 tamen
1453 867 1817 964 Ecclesia,
1854 865 2102 944 libera
2134 892 2426 973 sponsa
2446 864 2775 963 Christi,
2808 868 2923 944 sic
2944 884 3360 972 cogeretur
3393 864 3543 943 sub
3560 862 3950 943 ambobus

1156 1004 1713 1083 miserabiliter
1762 1001 2161 1098 ancillari,
2222 1003 2558 1111 quisque
2610 1018 2876 1079 tamen
2930 992 3258 1109 partem
3302 998 3767 1079 obediencie
3817 1029 3954 1079 sue

1157 1170 1320 1219 non
1361 1140 1871 1218 uniformiter
1916 1138 2261 1245 regebat.
2310 1138 2517 1215 Nam
2556 1139 2934 1217 immunis
2968 1138 3119 1216 sub
3161 1137 3499 1216 Urbano
3535 1166 3580 1215 a
3622 1135 3948 1216 decimis

1160 1306 1522 1374 manenS,
1567 1279 1649 1355 in
1695 1274 2352 1383 promocionibus
2384 1275 2783 1384 majorum
2822 1272 3308 1383 dignitatum
3344 1273 3577 1353 titulo
3611 1272 3710 1351 de
3741 1274 3952 1350 elec-

1161 1415 1380 1493 tione
1413 1412 1661 1492 libere
1694 1413 2073 1492 utebatur
2094 1477 2110 1509 ,
2147 1431 2225 1491 et
2258 1410 2361 1491 ad
2403 1410 2867 1492 diocesanos
2903 1430 2982 1491 et
3018 1412 3522 1491 ecclesiarum
3568 1428 3952 1518 patronos

1165 1550 1725 1631 devolvebatur
1778 1532 2171 1648 0011301οζ
2201 1553 2582 1661 quociens
2632 1549 3018 1630 beneficia
3067 1567 3147 1628 et
3198 1545 3634 1656 dignitates
3679 1576 3953 1627 vacare

1167 1689 1733 1796 contingebat:
1780 1689 2004 1797 cujus
2046 1690 2164 1766 rei
2208 1687 2359 1767 sub
2407 1687 2812 1767 Clemente
2846 1686 3089 1769 fiebat
3147 1688 3799 1781 contrarium‚·et
3834 1715 3958 1763 re-

1163 1854 1345 1904 vera
1368 1828 1450 1903 in
1474 1825 1977 1916 infinitorum
2010 1822 2544 1932 prejudicium
2576 1844 2656 1904 et
2674 1854 3123 1933 gravamen.
3143 1820 3536 1935 Equidem
3568 1827 3957 1931 permissu

1166 1962 1498 2040 Francie
1528 1964 1736 2070 regis
1774 1980 1852 2041 et
1885 1989 2350 2071 procerum,
2386 1958 2619 2040 velud
2652 1963 3042 2042 libertatis
3078 1979 3158 2041 et
3193 1960 3696 2040 ecclesiarum
3727 1962 3952 2067 regni

1167 2096 1586 2177 vehemens
1647 2101 2164 2207 impugnator
2192 2160 2211 2194 ,
2275 2127 2550 2177 earum
2605 2101 3091 2206 patrimonia
3137 2097 3437 2177 crebris
3492 2095 3823 2175 decimis
3877 2116 3955 2174 et

1167 2262 1415 2343 usque
1454 2231 1555 2312 ad
1598 2263 2050 2340 supremam
2083 2235 2726 2313 exinanicionem
2772 2238 3050 2315 statuit
3091 2252 3427 2314 atterere
3451 2296 3468 2331 ‚
3506 2252 3634 2331 ut,
3677 2236 3788 2312 sic
3826 2263 3955 2312 ere

1169 2370 1424 2448 alieno
1481 2371 1653 2450 loca
1709 2372 2191 2452 venerabilia
2240 2392 2563 2480 gravata
2613 2403 2852 2482 supra
2910 2403 3232 2453 suarum
3273 2374 3479 2451 vices
3534 2362 3955 2452 obvencio-

1171 2536 1360 2584 1111111
1380 2569 1397 2602 ,
1437 2508 1742 2615 papalis
1771 2536 2074 2613 camera
2112 2536 2357 2616 opum
2393 2513 2875 2590 coacervatis
2904 2510 3238 2589 cumulis
3269 2506 3682 2587 ditaretur.

1285 2664 1583 2745 Eadem
1632 2671 2047 2748 occasione
2096 2672 2217 2749 sui
2274 2672 2476 2749 sacri
2527 2671 2828 2779 collegii
2881 2672 3213 2778 triginta
3258 2699 3394 2749 sex
3440 2667 3962 2748 cardinalium

1175 2823 1767 2913 procuratoreS,
1800 2804 2037 2885 bullis
2067 2807 2522 2915 apostolicis
2555 2808 2883 2903 muniti,
2917 2805 3472 2885 insidiancium
3502 2833 3749 2902 more,
3775 2805 3958 2884 ubi-

1177 2972 1330 3054 que
1380 2940 1944 3022 siscitabantur
1998 2944 2063 3021 si
2115 2942 2702 3025 cathedralibus
2758 2942 2880 3024 vel
2932 2942 3365 3049 collegiatis
3410 2941 3755 3022 ecclesiis
3817 2941 3958 3020 ali--

1176 3109 1332 3190 qua
1381 3079 1765 3158 beneficia
1821 3082 2193 3187 pinguia,
2251 3082 2316 3158 si
2374 3083 2458 3158 in
2508 3081 2861 3158 abbaciis
2914 3082 3317 3186 prioratus
3363 3079 3957 3174 conventuale5‚

1177 3216 1440 3294 officia
1480 3204 1922 3295 claustralia
1950 3278 1969 3313 ,
2012 3217 2129 3294 vel
2178 3216 2469 3295 alicubi
2511 3213 2796 3293 domus
2831 3214 3260 3321 hospitales
3305 3232 3569 3292 essent
3614 3217 3958 3321 ingentis

1178 3351 1498 3447 valori5‚
1531 3380 1686 3461 que
1715 3371 2120 3450 vacarent,
2165 3370 2257 3430 ut
2294 3380 2484 3430 mox
2519 3350 3035 3429 dominorum
3065 3348 3391 3427 nomine
3420 3369 3922 3456 acceptarent
3943 3413 3959 3442 ,

1175 3485 1259 3564 id
1293 3486 1796 3566 solummodo
1839 3489 2335 3597 inquirentes
2372 3487 2693 3597 quantis
2720 3485 3093 3565 valebant
3123 3488 3208 3563 in
3240 3488 3576 3591 portatis
3598 3487 3653 3561 ¹.
3697 3484 3960 3594 thue

1176 3624 1297 3702 via
1328 3621 1428 3701 ad
1461 3619 1544 3700 id
1575 3621 1898 3702 daretur
1935 3626 2300 3734 amplior,
2343 3628 2512 3734 ipse
2544 3652 2784 3732 papa,
2830 3624 3307 3731 contemptis
3338 3640 3795 3701 sanctorum
3828 3623 3964 3697 Pa-

1177 3777 1394 3836 trum
1443 3760 1938 3865 generalibus
1994 3759 2328 3841 decretis
2359 3824 2378 3858 ‚
2427 3761 2548 3840 vel
2605 3760 2882 3840 saltem
2938 3789 3110 3838 non
3154 3760 3587 3839 observatis
3622 3819 3639 3854 ,
3689 3787 3964 3836 omnes

1176 3895 1730 3975 ecclesiasticas
1801 3897 2224 4005 dignitates
2291 3926 2804 4008 quascunque
2880 3914 3066 4006 post
3130 3894 3654 4004 episcopalem
3724 3894 3965 3999 majo-

1179 4060 1303 4110 res
1381 4030 1900 4112 indiferenter
1963 4064 2130 4115 sue·
2162 4033 2679 4144 disposicioni
2744 4035 3195 4113 reservabat
3224 4095 3241 4129 ‚
3307 4059 3472 4110 non
3548 4027 3965 4107 attendens

1177 4167 1391 4280 quod
1426 4172 1594 4278 ejus
1630 4189 1977 4278 potestas
2001 4171 2099 4252 ad
2129 4189 2532 4284 pasturam
2558 4172 3056 4281 corporalem
3080 4188 3158 4248 et
3181 4167 3675 4277 spiritualem
3708 4166 3965 4273 gregis

1180 4303 1562 4386 dominici
1626 4328 1705 4388 et
1771 4313 2469 4391 conservacionem
2539 4327 2786 4390 status
2838 4337 2927 4387 ac
2990 4305 3376 4385 ierarchie
3425 4287 3730 4384 mistice
3787 4292 3979 4380 cor-⁴

1179 4448 1402 4553 poris
1444 4445 1787 4526 Ecclesie
1846 4467 2016 4527 erat
2073 4449 2626 4557 principaliter
2675 4439 3104 4539 ordinata,
3153 4473 3297 4523 1100
3360 4441 3511 4524 sibi
3565 4459 3963 4550 compete-

1179 4583 1319 4660 bat
1366 4614 1509 4662 nec
1559 4584 1846 4664 licebat
1899 4585 2000 4665 ad
2049 4615 2379 4665 suorum
2411 4589 2440 4628 ²
2488 4583 2606 4663 vel
2665 4569 2993 4662 suorum
3055 4582 3578 4662 cardinalium
3648 4580 3964 4658 trahere

1256 4826 1269 4847 ¹
1319 4816 1457 4870 Var.
1497 4841 1510 4867 .-
1561 4821 1621 4868 n⁰
1661 4815 1832 4889 5960,
1891 4817 1985 4871 fol.
2044 4815 2115 4872 36
2148 4837 2215 4884 r.,
2261 4826 2534 4890 quantum
2678 4826 2697 4848 ²
2744 4815 2920 4869 Vara.-
2951 4823 3015 4868 n⁰
3059 4813 3230 4889 5960,
3275 4814 3369 4869 fol.
3398 4811 3470 4867 36
3503 4831 3583 4875 r.‚
3630 4810 3699 4864 ad
3729 4826 3960 4863 suorum

1182 4897 1434 4952 valebant
1462 4902 1788 4968 importatis.
2584 4899 3056 4972 summam-um.
