4666 6014
1146 660 1290 732 692
1611 645 2294 724 cnaomconuM
2347 646 2702 751 KAROL1
2752 645 3036 722 sEx‘m
3086 648 3264 720 Lm.
3320 647 3457 722 xl.

1149 830 1686 911 corruensque
1727 802 1811 878 in
1856 818 2151 879 terram
2181 814 2447 907 regem
2482 795 2706 877 dedit
2744 798 3210 906 precipitem
3235 860 3255 895 ‚
3295 798 3744 906 jacentique
3786 827 3931 910 pre

1153 972 1374 1026 casus
1422 938 1702 1021 dolore
1750 938 2094 1017 attonito
2144 936 2325 1016 sella
2375 954 2614 1045 caput
2651 934 3026 1032 obtrivit,
3061 954 3172 1034 et,
3217 954 3461 1042 prout
3503 934 3661 1016 fide
3701 936 3928 1047 digni

1153 1077 1677 1175 refferebant,
1711 1093 1952 1185 rupto
1981 1074 2183 1154 collo
2218 1072 2773 1153 miserabiliter
2809 1074 3223 1181 expiravit.
3262 1071 3648 1170 Successit
3672 1094 3930 1156 autem

1154 1215 1409 1298 eidem
1439 1215 1839 1294 Johannes
1872 1212 2078 1291 filius
2118 1209 2286 1319 ejus
2309 1189 2503 1319 {qui
2547 1239 2729 1289 mox
2755 1272 2773 1308 ,
2819 1228 2906 1289 ut
2937 1212 3309 1288 inunctus
3353 1228 3473 1290 est
3508 1213 3595 1289 in
3628 1241 3930 1319 regem,

1154 1354 1541 1433 solemnes
1576 1350 1908 1429 nuncios
1946 1346 2044 1427 ad
2087 1375 2353 1457 regem
2388 1348 2453 1425 F
2457 1347 2719 1426 rancie
2758 1345 3010 1445 misit,
3061 1347 3199 1454 qui
3242 1345 3467 1453 pacta
3513 1375 3771 1454 nuper
3809 1350 3933 1428 in-

1154 1511 1273 1571 ter
1326 1506 1631 1597 patrem
1677 1504 1758 1566 et
1796 1515 2026 1566 avum
2072 1512 2292 1593 reges
2343 1511 2659 1592 quoque
2706 1484 3035 1579 Francie
3088 1500 3365 1563 contra
3422 1513 3936 1595 quoscunque

1157 1629 1358 1707 inita
1397 1625 2003 1722 confirmarent,
2046 1619 2389 1729 indeque
2426 1622 3221 1728 apices-reportarent
3246 1621 3414 1728 ejus
3455 1622 3713 1730 sigillo
3754 1651 3935 1702 mu-

1155 1765 1386 1843 nitas.

2087 1903 2757 1985 CAPITULUM
2822 1904 2973 1984 IX.

1604 2118 1693 2176 De
1718 2116 1981 2176 scismate
2008 2111 2266 2174 Ecclesie
2287 2156 2304 2188 ,
2333 2126 2394 2172 et
2418 2114 2666 2193 qualiter
2694 2113 2820 2192 ipsa
2847 2109 3105 2171 Ecclesia
3135 2112 3454 2195 regebatur.

1269 2323 1499 2402 Multi
1523 2323 1606 2400 in
1640 2348 1888 2429 regno
1913 2320 1977 2397 F
1981 2320 2246 2397 rancie
2273 2315 2546 2397 audito
2574 2315 3019 2395 infortunio
3041 2316 3298 2396 territi
3326 2333 3536 2415 sunt,
3569 2318 3935 2398 timentes

1163 2460 1739 2569 omnipotentis
1773 2458 1920 2538 Dei
1965 2472 2352 2535 secretum
2388 2449 2815 2561 judicium3
2858 2481 3004 2532 nec
3043 2471 3305 2532 tamen
3338 2454 3586 2564 aliqui
3627 2483 3938 2536 causam

1162 2597 1502 2677 Ecclesie
1555 2622 1845 2702 sponse
1912 2593 2081 2700 ejus
2135 2589 2416 2669 devote
2471 2589 3009 2698 suscipiebant
3072 2589 3735 2697 promovendam,
3798 2591 3932 2673 sed

1161 2736 1473 2843 ignavia
1522 2747 1931 2838 torpentes
1981 2726 2567 2807 dissimulanter
2612 2719 3096 2825 transibant,
3154 2728 3422 2839 eisque
3466 2728 3937 2837 persuadere

1158 2872 1645 2951 contrarium
1706 2884 1786 2946 et
1841 2868 2067 2945 asino
2119 2862 2365 2943 surdo
2423 2892 2747 2944 narrare
2804 2863 3152 2943 fabulam
3213 2862 3427 2944 idem
3487 2875 3679 2945 erat.
3738 2865 3935 2946 Inde

1158 3024 1416 3088 rectus
1459 3004 1666 3085 zelus
1718 3004 1995 3113 populi
2038 3003 2452 3083 christiani
2493 3003 2986 3112 intepuerat,
3035 2992 3369 3111 ‘sanguis⁴
3396 3004 3482 3082 in
3532 3005 3935 3086 nonnullis

1158 3146 1352 3224 locis
1391 3140 1952 3224 effundebatur
2001 3142 2419 3220 humanus.
2467 3139 2931 3220 Infidelibus
2973 3169 3290 3252 quoque
3340 3161 3610 3223 sancta
3657 3144 3935 3253 religio

1159 3299 1237 3361 et
1293 3280 1675 3360 catholica
1724 3278 1918 3359 fides
1972 3278 2420 3358 habebatur
2460 3274 2856 3377 ludibrio,
2906 3275 3095 3356 dum
3149 3278 3597 3360 Bonisacius
3646 3281 3932 3380 Rome,

1162 3419 1522 3498 Clemens
1552 3446 1739 3498 vero
1767 3417 2148 3495 Avinioni
2184 3416 2341 3494 sibi
2379 3415 2953 3523 appostolicam
2983 3416 3536 3497 auctoritatem
3576 3416 3923 3498 vindica-

1158 3555 1381 3636 bant.
1434 3553 1558 3635 Ad
1595 3553 1675 3634 id
1736 3583 1902 3634 non
1946 3550 2188 3634 modo
2229 3551 2469 3632 simili
2521 3553 3043 3632 conabantur.
3109 3554 3315 3631 Nam
3377 3570 3773 3664 quotquot
3831 3554 3934 3635 ad

1161 3693 1596 3801 prelaturas
1657 3691 2112 3771 assumebat
2194 3718 2403 3797 papa
2475 3689 2837 3771 Clemens
2913 3691 3370 3798 juramento
3443 3693 3935 3800 astringebat

1160 3828 1376 3938 quod
1426 3831 1537 3928 ei,
1579 3827 1960 3940 quamdiu
2011 3828 2256 3907 vitam
2294 3824 2674 3906 ducerent
2720 3827 2805 3905 in
2851 3826 3220 3906 humanis
3246 3887 3265 3925 ,
3319 3825 3657 3908 fideliter
3698 3826 3934 3910 adhe-

1159 3984 1464 4062 rerent,
1523 3983 1603 4044 et
1658 3967 1809 4064 sic,
1857 3993 2020 4044 non
2078 3964 2306 4044 aliter
2366 3991 2605 4074 quam
2658 3963 2722 4041 si
2773 3962 3041 4071 lingua
3091 3963 3454 4043 saucibus
3504 3964 3935 4047 adhesisset

1161 4099 1432 4179 herbis
1451 4119 1605 4180 aut
1646 4118 1966 4181 cantato
2006 4102 2359 4182 carmine
2383 4161 2402 4198 ,
2435 4099 2634 4179 muti
2673 4126 2949 4178 omnes
2982 4097 3548 4181 reddebantur.
3594 4103 3933 4182 Ulterius

1159 4236 1372 4317 idem
1420 4266 1626 4347 papa
1666 4238 1874 4346 regis
1914 4238 2291 4345 graciam,
2330 4253 2890 4345 magnatorum
2933 4254 3013 4317 et
3050 4238 3504 4348 principum
3537 4241 3933 4348 promptis

1158 4373 1561 4482 obsequiis
1603 4402 1695 4453 ac
1726 4371 1964 4452 donis
2005 4371 2518 4452 uberioribus
2550 4375 3060 4453 commercari
3100 4360 3480 4455 statuerat
3494 4437 3513 4475 ,
3558 4392 3648 4455 ut
3687 4378 3799 4455 sic
3831 4374 3932 4455 ad

1158 4492 1408 4589 instar
1465 4509 1761 4618 aspidis
1815 4538 2050 4591 aures
2087 4539 2297 4591 suas·
2327 4511 2782 4592 obturantis
2805 4574 2824 4612 ,
2875 4540 2978 4592 ne
3018 4540 3256 4622 super
3307 4515 3606 4595 unione
3663 4542 3934 4595 vocem

1154 4648 1837 4755 ap‘postolicorum
1906 4650 2258 4731 virorum
2339 4646 2786 4730 venerande
2852 4651 3410 4732 Universitatis
3473 4652 3933 4733 Parisiensis
4028 4731 4043 4739 ,

1158 4783 1549 4866 audirent.
