4666 6014
1125 723 1220 794 54
1633 706 2319 784 CHRONICORUM
2369 700 2725 781 KAROLI
2774 707 3058 781 SEXTI
3108 708 3288 781 LlB.
3338 707 3398 780 Ι.

1119 867 1538 949 curiositas
1594 861 2004 979 consuevit
2057 860 2311 940 nichil
2374 861 2797 943 minimum
2854 861 3245 969 preterire
3299 855 3519 972 quod
3583 861 3913 967 cognitu

1116 1003 1451 1114 dignum
1484 1003 1614 1099 sit,
1648 1016 1742 1079 ut
1768 1000 2090 1097 vitetur,
2124 998 2256 1078 hic
2290 1000 2639 1078 inserere
2674 996 3009 1107 dignum
3036 996 3256 1077 duxi.

1228 1166 1290 1244 F
1293 1164 1486 1245 erali
1518 1189 1860 1274 namque
1885 1156 2110 1240 rabie
2143 1188 2491 1272 nequam
2521 1158 2892 1240 homines
2931 1175 3371 1240 memorata
3403 1161 3429 1203 ¹
3475 1159 3907 1239 crastinum

1114 1304 1665 1409 prevenientes
1686 1361 1705 1397 ,
1758 1327 1922 1411 quo
1958 1326 2327 1378 concessa
2367 1294 2773 1425 debebant
2804 1297 3277 1376 auctoritate
3313 1298 3531 1405 regia
3561 1295 3915 1405 promul-

1113 1441 1320 1546 gari,
1381 1438 1594 1517 velut
1637 1436 1871 1516 furiis
1917 1436 2229 1543 agitati,
2275 1463 2468 1514 mox
2517 1461 2663 1543 per
2706 1434 3104 1512 civitatem
3149 1431 3745 1513 debacchantur
3767 1495 3786 1532 ,
3835 1450 3915 1529 et

1111 1571 1424 1682 pixides
1447 1634 1466 1671 ,
1515 1573 1657 1652 ubi
1707 1571 2310 1681 reponebantur
2353 1571 2974 1680 imposicionum
3001 1572 3419 1678 peccunie,
3471 1588 3913 1679 rapuerunt

1112 1708 1498 1789 violenter
1518 1769 1538 1807 ,
1571 1726 1996 1815 argentum
2026 1736 2170 1816 per
2201 1708 2416 1788 vicos
2450 1707 2832 1814 jacientes
2852 1768 2871 1804 ‚
2913 1707 3369 1817 scriptaque
3406 1709 3912 1786 exactionum

1119 1847 1524 1955 regiarum
1573 1842 2107 1924 distrahentes
2152 1844 2619 1952 subripiunt
2637 1905 2656 1942 ‚
2700 1842 3148 1923 frustratim
3185 1841 3626 1922 dilacerant
3661 1861 3742 1923 et
3770 1841 3910 1923 de-

1116 1999 1467 2079 vastant3
1510 1979 1952 2092 eodemque
1990 1983 2445 2090 impetuoso
2484 1981 2778 2090 spiritu
2802 1960 3217 2078 vicum’‚'in
3245 1970 3412 2091 quo
3440 1952 3914 2060 auctoritate

1113 2119 1322 2228 regis
1365 2115 1898 2231 quadraginta
1937 2120 2394 2233 mansiones
2411 2134 2624 2199 -tunc
2656 2115 3091 2197 Judeorum
3138 2116 3681 2216 habebantur,
3719 2116 3914 2197 furi-

1112 2254 1385 2373 bunde
1436 2257 1901 2337 subintrant
1923 2320 1942 2356 ‚
1984 2234 2473 2365 ulteriusque
2513 2257 2961 2365 progressi,
3014 2256 3220 2336 sicut
3250 2254 3615 2335 moribus
3634 2317 3654 2353 ,
3705 2273 3912 2334 etate

1113 2421 1560 2506 genereque
1620 2391 1914 2475 diversi
1972 2412 2236 2491 erant,
2285 2396 2400 2473 sic
2455 2393 2693 2474 variis
2749 2390 3257 2505 dissonisque
3298 2422 3570 2473 rerum
3625 2391 3911 2474 studiis

1112 2560 1344 2641 agere
1376 2533 1873 2639 inceperunt.
1907 2532 2110 2609 Nam
2144 2529 2550 2629 nonnulli,
2586 2528 3017 2612 domorum
3042 2531 3355 2612 foribus
3379 2532 3908 2641 perturbatis,

1113 2685 1498 2777 ceperunt
1520 2728 1541 2766 ,
1622 2665 1935 2775 singula
1996 2666 2169 2746 loca
2233 2665 2790 2775 investigando
2823 2728 2844 2766 ,
2906 2694 3229 2776 rapere,
3304 2667 3624 2778 predari
3686 2666 3907 2779 quod

1114 2805 1403 2915 cuique
1469 2805 1975 2913 potissimum
2030 2798 2479 2905 videbatur.
2550 2803 2710 2883 Alii
2766 2804 3094 2914 quidem
3157 2807 3522 2904 monilia,
3584 2806 3905 2903 anulos,

1106 2942 1489 3049 corrigias
1535 2969 1625 3021 ac
1673 2958 1935 3021 cetera
1973 2940 2396 3021 mulierum
2438 2960 2947 3040 ornamenta,
2987 2970 3142 3054 que
3165 2945 3196 2986 ²
3247 2970 3497 3052 parvo
3549 2942 3729 3022 loco
3777 2971 3904 3022 re-

1109 3076 1322 3160 cludi
1355 3096 1765 3186 poterant3
1799 3079 1933 3157 alii
1974 3078 2214 3187 pallia
2237 3080 2488 3159 serica
2510 3098 2922 3190 vestesque
2948 3080 3567 3188 preciosissimas
3601 3078 3906 3161 avidius

1107 3214 1612 3324 appetebant.
1666 3213 2017 3316 Quidam
2073 3241 2257 3294 vasa
2309 3233 2686 3326 argentea
2749 3216 3223 3294 emittebant
3278 3244 3422 3325 per
3479 3217 3864 3296 fenestras
3883 3281 3901 3313 ,

1108 3349 1435 3431 domum
1469 3352 1794 3430 interim
1835 3349 2289 3431 deferenda.
2327 3350 2488 3430 Alii
2526 3378 2717 3432 vero
2761 3352 3358 3460 obligacionum
3398 3352 3792 3432 nobilium
3828 3372 3906 3432 et

1104 3490 1583 3599 ignobilium
1621 3492 2255 3571 subtractionem
2299 3488 2738 3570 credebant
2793 3489 3035 3569 lucris
3084 3489 3460 3571 omnibus
3501 3493 3908 3601 preferen-

1103 3625 1330 3726 dam3
1362 3625 1466 3707 ad
1498 3624 1719 3738 quod
1758 3628 2011 3706 eciam
2050 3626 2421 3707 nonnulli
2455 3626 2764 3707 nobiles
2799 3627 3332 3735 instigabant,
3376 3629 3516 3738 qui
3552 3629 3668 3708 ibi
3721 3655 3904 3737 pre-

1101 3781 1361 3843 sentes
1385 3780 1636 3842 erant.
1670 3762 1902 3843 Multi
1932 3765 2183 3843 eciam
2213 3763 2544 3845 ulterius
2573 3763 3065 3872 crudelitatis
3085 3793 3231 3845 sue.
3250 3765 3604 3845 habenas
3627 3765 3902 3843 laxan-

1102 3917 1218 3978 tes
1240 3961 1258 3996 ‚
1305 3917 1708 4011 quotquot
1742 3929 1839 3980 ex
1871 3901 2066 4009 ipsis
2089 3900 2907 4002 „Iudeis-invenerunt,
2939 3901 3476 4000 occiderunt³;
3513 3927 3608 3981 ex
3634 3903 3904 4011 eisque

1098 4038 1591 4145 peregissent
1624 4055 1971 4145 stragem
2004 4038 2508 4147 ampliorem,
2538 4041 2732 4137 nisi,
2765 4040 3029 4118 territi
3058 4037 3451 4145 fugientes
3478 4036 3580 4117 ad
3614 4036 3904 4116 Castel-

1096 4174 1344 4254 letum
1381 4176 1688 4282 regium
1711 4169 2363 4271 {immunitatem
2403 4173 2687 4256 domus
2727 4177 2946 4292 regie
2994 4174 3564 4254 instantissime
3602 4202 3900 4284 popos-

1096 4314 1409 4410 cissent,
1434 4331 1808 4422 rogantes
1834 4330 1923 4392 ut
1947 4310 2247 4392 ibidem
2272 4343 2455 4398 cum
2478 4313 2810 4423 captivis
2836 4313 3115 4392 ceteris
3141 4330 3668 4422 servarentur.
3690 4311 3900 4391 Dum

1096 4451 1470 4529 omnibus
1507 4450 1708 4563 locis
1748 4451 1905 4528 vici
1952 4448 2177 4531 cedes
2222 4467 2674 4560 agerentur,
2710 4478 2878 4530 non
2915 4450 3085 4528 sine
3122 4449 3592 4557 pavencium
3632 4448 3904 4529 mulie-

1100 4616 1278 4668 rum
1319 4616 1408 4666 ac
1441 4585 1951 4695 parvulorum
2003 4586 2327 4698 ploratu
2357 4601 2437 4667 et
2482 4586 2868 4683 clamore,
2907 4583 3250 4696 quedam
3298 4613 3534 4666 cursu
3581 4587 3899 4665 concito

1161 4766 1183 4820 ‘¹
1230 4794 1370 4849 Var.
1395 4818 1408 4847 e
1440 4789 1690 4869 1105960,
1722 4792 1820 4848 fol.
1848 4789 2004 4863 33v„
2035 4796 2344 4850 memorati.
2597 4795 2616 4826 ⁸
2670 4789 3033 4863 Occidet-unt,
3061 4794 3360 4878 emprqnte
3386 4809 3459 4846 au
3487 4800 3549 4846 n⁰
3585 4785 3756 4866 5960,
3796 4791 3892 4847 sol.

1169 4889 1186 4912 ’
1232 4881 1367 4935 Var.
1393 4901 1413 4934 .·
1436 4892 1500 4935 n⁰
1521 4880 1692 4955 5960,
1720 4879 1818 4935 sol.
1840 4877 1912 4948 34
1935 4899 2006 4950 r.,
2035 4883 2185 4954 quia.
2524 4878 2595 4939 33
2622 4901 2691 4949 r.,
2721 4898 2963 4955 manque
2989 4877 3127 4934 dans
3151 4870 3213 4933 le'
3230 4884 3293 4932 n⁰
3311 4873 3475 4952 5958.
