4666 6014
725 3070 848 3118 Anni
877 3070 1070 3118 Domini

779 3163 1016 3201 necator.

1867 713 3189 985 CHRONJCORUM

1663 1182 2629 1354 KAROLI,
2721 1180 3433 1340 SEXTI

1959 1463 2290 1631 LmE-R‘
2345 1475 3085 1632 DUODECMUS.

2255 1819 2258 1826 ²
2307 1793 2629 1848 Pontificum
2656 1810 2775 1857 xiv,

2307 1870 2695 1936 Imperatorum
2719 1867 2924 1928 nullus,

1568 1946 1709 1998 Anni
1742 1945 1956 1998 Domini
1983 1960 2222 1997 uccoxcx.
2310 1943 2637 1994 Francorum
2662 1960 2767 2005 ιιι,

2255 2065 2256 2068 ,
2311 2016 2614 2085 Anglorum
2646 2033 2712 2067 xv
2728 2053 2742 2076 ‚

2311 2089 2501 2143 Sicilie
2533 2107 2632 2141 vu.

2374 2347 2693 2362 ———-

2127 2567 2824 2648 CAPITULUM
2883 2570 2947 2645 Ι.

1722 2803 2028 2880 Quomodo
2061 2823 2163 2864 rex
2193 2801 2355 2862 dedit
2386 2801 2549 2863 fratri
2581 2823 2683 2864 suo
2715 2804 2987 2864 ducatum
3024 2804 3362 2864 Aurelianis,

1261 3036 1556 3117 Mamas
1593 3036 1783 3115 maii
1822 3052 2040 3115 sexta
2074 3053 2170 3121 et⁸
2196 3035 2562 3116 vicesima
2609 3034 2740 3115 die
2787 3032 3115 3115 domina
3163 3032 3572 3133 valencia,
3621 3031 3935 3113 domini

1147 3172 1368 3254 ducis
1422 3171 1521 3252 de
1569 3172 1927 3252 Turouia
1986 3169 2219 3271 uxor,
2284 3173 2370 3251 in
2428 3170 2674 3251 domo
2731 3175 2945 3281 regia
3007 3174 3260 3252 sancti
3316 3170 3537 3252 Pauli
3593 3170 3935 3249 Parisius

1150 3310 1399 3390 filiurn
1429 3309 1741 3418 peperit
1760 3370 1780 3407 ‚
1815 3311 1955 3421 qui
1990 3306 2290 3388 ibidem
2313 3326 2497 3416 post
2527 3307 2865 3389 biduum
2901 3338 3083 3389 cum
3121 3337 3411 3418 magna
3432 3307 3939 3389 solemnitate

1145 3449 1619 3554 baptizatUS,
1654 3463 1733 3525 et
1761 3474 1803 3525 a
1834 3443 2168 3554 domino
2197 3443 2397 3526 duce
2427 3446 2958 3526 Borboniensi
2983 3444 3082 3527 de
3106 3474 3331 3527 sacro
3358 3445 3584 3525 fonte
3614 3446 3935 3537 levatus,

1147 3586 1601 3664 nominatus
1647 3602 1767 3664 est
1824 3582 2191 3662 KaroluS.
2246 3584 2479 3664 Pater
2520 3601 2786 3673 autem
2805 3647 2824 3684 ‚
2872 3586 3232 3696 quamvis
3281 3583 3652 3692 juvenilis
3705 3584 3937 3661 etatis

1144 3727 1487 3804 existens
1514 3725 1600 3803 in
1625 3722 1896 3802 multis
1937 3721 2368 3830 agibilibus
2402 3752 2542 3803 cor
2569 3723 2796 3805 facile
2826 3740 3287 3832 sequeretur
3307 3785 3327 3822 ‚
3360 3723 3632 3803 futura
3664 3740 3932 3802 tamen

1146 3858 1566 3969 previdens
1606 3859 1837 3939 oculo
1867 3859 2304 3969 perspicaci
2342 3878 2422 3939 et
2460 3860 2762 3967 prolem
2807 3862 3134 3968 cupiens
3164 3859 3446 3969 amplis
3471 3858 3729 3939 ditare
3754 3887 3938 3969 pos·

1140 3998 1660 4096 sessionibus»,
1702 3999 2169 4078 comitatum
2213 3996 2655 4076 Blesensem
2696 3999 3137 4105 empcionis
3186 3998 3422 4078 titulo
3474 3999 3930 4108 acquisivit,

1138 4154 1216 4215 et
1259 4135 1359 4214 ad
1394 4132 1479 4213 id
1507 4137 1874 4215 comitem
1911 4134 2069 4214 cito
2113 4131 2456 4231 inducit,
2500 4163 2683 4214 cum
2721 4133 3096 4215 heredem
3128 4135 3555 4217 masculum
3590 4164 3764 4218 non
3799 4136 3935 4213 ha-

1141 4275 1402 4371 beret;
1443 4300 1629 4351 nam
1668 4271 1877 4351 filius
1915 4271 2080 4380 ejus
2112 4269 2458 4369 obierat,
2505 4273 2643 4382 qui
2687 4270 2926 4351 filiam
2978 4271 3200 4352 ducis
3239 4273 3541 4353 Biturie
3590 4272 3935 4352 duxerat

1140 4413 1225 4489 in
1253 4438 1609 4490 uxorem.
1644 4408 1917 4488 Titulo
1957 4411 2195 4488 etiam
2226 4410 2667 4518 empcionis
2701 4428 2993 4490 terram
3025 4409 3338 4492 domini
3375 4410 3476 4493 de
3508 4413 3752 4508 Fora,
3786 4408 3933 4489 do-

1138 4549 1339 4629 mini
1385 4547 1486 4628 de
1534 4544 1941 4627 Gandelus
1963 4609 1981 4645 ,
2040 4547 2630 4657 multorumque
2692 4547 3031 4628 aliorum
3090 4549 3433 4630 militum
3481 4553 3568 4628 in
3632 4548 3931 4628 diocesi

1144 4684 1510 4767 Remensi
1547 4687 2049 4766 manencium
2085 4714 2239 4795 pro
2285 4715 2368 4765 se
2399 4705 2479 4766 et
2512 4684 2940 4798 heredibus
2972 4689 3132 4767 suis
3170 4690 3393 4787 emit,
3427 4685 3701 4768 addita
3731 4715 3927 4766 con-

1140 4821 1454 4903 dicione
1507 4821 1729 4936 quod
1788 4822 2331 4904 dominiorum
2373 4812 2716 4905 resdifius
2765 4843 2846 4905 et
2895 4844 3326 4933 proventus
3374 4826 3880 4935 perciperent
3902 4886 3923 4921 ,
