4666 6014
1049 632 1194 705 430
1513 619 2196 697 cunomcoRUM
2246 618 2603 724 mou
2654 591 2939 696 ssx‘n
2988 621 3162 698 us.
3220 623 3379 701 vu.

1052 809 1256 891 opus
1293 805 1460 859 esse
1485 838 1504 874 ,
1542 793 1853 884 partem
1879 801 2127 854 unam
2147 802 2195 853 a
2223 773 2552 883 prelatis
2580 774 2818 854 titulo
2844 775 3425 858 accommodati
3452 778 3795 890 quesivit
3814 843 3839 875 ,

1050 938 1402 1000 statuens
1443 934 1524 995 et
1563 912 1663 994 de
1705 943 2099 994 consensu
2142 915 2603 1025 principum
2642 932 2734 994 ut
2771 915 3080 1030 reliqua
3118 916 3223 997 ab
3254 918 3648 998 universis
3683 919 3847 998 col-

1053 1059 1431 1166 ligeretur
1472 1051 1899 1164 regnicolis
1934 1051 2377 1134 secundum
2408 1053 3025 1163 possibilitatem
3064 1072 3146 1134 et
3176 1053 3630 1136 facultatem
3670 1059 3838 1137 sin-

1049 1195 1441 1306 gulorum.
1502 1191 1631 1273 Ad
1691 1194 2341 1303 supplementum
2376 1194 2625 1273 eciam
2660 1194 2828 1304 jam
2867 1193 3385 1276 collectarum
3438 1194 3844 1305 legionum

1048 1333 1328 1413 ducem
1383 1333 1686 1412 Biturie
1733 1349 2109 1441 patruum
2149 1359 2383 1411 suum
2437 1332 2523 1409 in
2563 1331 3080 1439 Aquitaniam
3124 1332 3377 1429 misit,
3419 1333 3573 1443 qui=
3599 1330 3844 1411 bella-

1047 1493 1318 1554 torum
1342 1474 1660 1581 agmina
1689 1469 1879 1576 inde
1901 1473 2341 1551 accersiret.
2360 1455 2465 1549 Et
2493 1472 2560 1550 is
2588 1469 2989 1552 mandatis
3018 1473 3258 1579 regiis
3283 1473 3844 1581 obtemperare

1048 1614 1375 1720 cupiens
1401 1672 1421 1709 ,
1459 1613 1670 1692 circa
1710 1609 1950 1690 finem
1978 1607 2187 1718 jullii
2221 1609 2628 1718 ingentem
2664 1606 3006 1689 adduxit
3043 1612 3481 1690 exercitum
3508 1673 3526 1707 ,
3561 1611 3703 1722 qui
3736 1608 3840 1690 ad

1044 1750 1332 1829 multas
1363 1746 1735 1827 delendas
1765 1747 2149 1826 barbaras
2178 1747 2555 1826 naciones
2583 1747 3107 1827 estimabatur
3132 1747 3522 1827 sufficere.

1158 1889 1426 1998 thue
1483 1887 1611 1995 agi
1673 1901 1959 1964 cuncta
1993 1861 2512 1992 'expertorum
2572 1881 3087 1991 providencia
3147 1882 3639 1983 viderentur,
3698 1916 3837 1966 rex

1044 2024 1314 2132 copias
1343 2022 1823 2131 triphariam
1848 2017 2239 2116 dividenS,
2273 2022 2869 2100 strenuissimos
2890 2020 3207 2120 militas,
3228 2019 3647 2102 dominum
3672 2024 3841 2102 Oli-

1045 2190 1319 2241 verum
1393 2158 1522 2237 de
1568 2157 1906 2236 Glichon
1956 2155 2684 2236 conestabularium
2737 2158 2823 2234 in
2890 2157 3368 2255 Britaniam,
3415 2158 3837 2239 dominum

1042 2301 1083 2378 J
1088 2298 1494 2378 ohannem
1554 2293 1653 2375 de
1677 2295 1992 2372 Vienna
2034 2275 2592 2371 admirallum
2573 2320 2657 2370 1n
2689 2293 2763 2370 N
2768 2320 3254 2391 ormamam
3298 2323 3388 2374 ac
3418 2294 3840 2376 dominum

1041 2437 1142 2517 de
1181 2435 1658 2543 Sampiaco
1639 2462 1725 2512 ιη
1754 2428 2199 2510 Picardiam
2228 2423 2684 2526 destinavit,
2715 2431 2857 2540 qui
2889 2458 3115 2509 oram
3147 2433 3630 2512 maritimam
3663 2452 3834 2513 tue-

1044 2593 1351 2671 rentur,
1391 2573 1661 2651 hostes
1701 2596 2025 2681 quoque
2053 2596 2098 2645 a
2129 2566 2540 2646 littoribus
2568 2582 2647 2643 et
2676 2568 3036 2646 terrestri
3071 2568 3603 2678 populacione
3634 2600 3870 2651 arce--

1041 2728 1245 2790 rent.
1328 2710 1531 2817 Ipsis
1605 2708 1851 2786 eciam
1930 2702 2208 2783 datum
2269 2677 2388 2782 est
2475 2705 2561 2781 in
2637 2701 3077 2802 mandatis,
3149 2723 3239 2785 ut
3302 2704 3836 2820 undecunque

1042 2847 1472 2928 contractis
1498 2842 1750 2951 copiis
1781 2858 2365 2958 pugnatorum,
2404 2840 2650 2920 eciam
2670 2840 2774 2919 ab
2806 2840 2963 2920 hiis
2996 2844 3161 2922 oris
3193 2845 3615 2924 maritimis
3645 2846 3836 2925 clas-

1040 3016 1206 3068 sem
1246 2982 1773 3066 sufficientem
1810 2982 2368 3093 exquirerent,
2420 2998 2501 3061 et
2545 2979 2644 3060 ad
2684 2959 3013 3091 portum
3051 2981 3368 3064 Escluse
3389 3047 3409 3083 ,
3450 2977 3592 3096 qui
3623 2986 3835 3075 inter

1039 3153 1174 3204 eos
1212 3152 1414 3233 quos
1458 3121 1680 3201 orbis
1721 3120 1968 3229 habet
2009 3117 2434 3199 commoda
2476 3121 2831 3200 stacione
2882 3120 3459 3203 famosissimus
3512 3142 3830 3233 reputa-

1035 3280 1193 3359 tur,
1231 3220 2252 3372 quantocius'applicarent.
2289 3256 2592 3336 Iterum
2624 3257 3186 3338 architectorie
3219 3260 3610 3340 habentes
3639 3263 3833 3340 artis

1039 3402 1421 3511 periciam
1471 3401 1558 3479 in
1604 3400 2003 3512 lignisque
2044 3394 2453 3494 cedendis,
2500 3394 2870 3476 dolandis
2902 3415 2981 3477 et
3022 3397 3521 3508 copulandis,
3556 3402 3833 3479 statuit

1027 3539 1430 3636 accersiri,
1459 3540 1600 3650 qui
1631 3539 1717 3616 in
1741 3536 1956 3615 silvis
1971 3535 2044 3614 N
2048 3536 2410 3615 ormanie
2434 3536 2931 3643 proceriores
2955 3536 3284 3616 arbores
3309 3533 3829 3633 succidentes,

1035 3678 1553 3786 subjectaque
1581 3703 1736 3784 pro
1769 3676 1979 3755 votis
2007 3674 2340 3755 materia
2373 3691 2690 3783 sumpta
2710 3736 2730 3771 ,
2766 3648 3115 3783 ingentis
3144 3674 3599 3781 capacitatis
3632 3701 3828 3752 con-

1038 3834 1339 3895 textam
1372 3813 1738 3897 trabibus
1769 3831 1852 3894 et
1874 3840 2019 3922 per
2052 3812 2442 3921 ambitum
2482 3811 3131 3892 circumclausam
3171 3812 3514 3920 ligneam
3564 3810 3830 3901 villam

1038 3969 1598 4031 construerent
1621 4014 1639 4047 ,
1695 3978 1851 4063 que
1901 3922 2351 4058 Anglicano
2403 3949 2674 4028 littore
2720 3949 3136 4045 levaretur,
3192 3967 3281 4027 ut
3333 3949 3449 4028 ibi
3504 3930 3829 4056 possent

1038 4093 1296 4177 securi
1329 4092 1760 4170 consistere
1788 4088 2106 4196 agmina
2122 4086 2625 4185 bellatorum.
