4666 6014
1048 667 1194 742 452
1501 662 2191 762 CHRONICORUM
2241 664 2599 737 KAROLI
2650 659 2935 736 sEx'rl
2982 663 3160 735 LIB.
3216 663 3377 737 VII.

1049 844 1274 924 gere,
1310 833 1388 894 et
1421 843 1569 921 pro
1605 818 2046 895 commissis
2087 812 2328 924 digne
2363 813 2929 894 satisfacientes
2957 875 2976 911 ,
3020 811 3665 922 processionibus
3704 812 3841 894 de-

1045 954 1257 1032 votis
1290 969 1370 1032 et
1398 953 1816 1031 missarum
1853 953 2261 1033 solemniis
2294 981 2476 1033 eum
2517 949 2949 1031 redderent
2987 950 3454 1059 placabilem
3485 953 3624 1062 qui
3659 979 3843 1060 pro-

1049 1090 1480 1170 fectionem
1518 1107 1835 1198 poterat
1877 1087 1977 1169 ad
2018 1089 2385 1170 effectum
2424 1088 2772 1202 dirigere
2810 1103 3344 1198 peroptatum.
3384 1090 3559 1168 Hiis
3592 1090 3844 1168 eciam

1050 1226 1363 1307 letaniis
1394 1205 1899 1307 ecclesiastici
1928 1230 2080 1307 viri
2113 1257 2332 1307 arma
2370 1226 2469 1307 de
2500 1226 2845 1307 ecclesiis
2880 1224 2984 1307 ad
3014 1225 3373 1306 ecclesias
3396 1226 3843 1337 bajulantes

1054 1365 1538 1475 spiritualia,
1582 1394 1852 1444 coram
1894 1368 2065 1445 Deo
2111 1367 2299 1445 totis
2344 1363 2789 1474 precordiis
2835 1362 3118 1444 devote
3158 1361 3717 1472 supplicabant
3753 1382 3843 1443 ut

1055 1505 1439 1584 exercitui
1473 1504 1968 1583 Francorum
1997 1532 2269 1583 aurem
2308 1500 2949 1583 accommodaret
2981 1504 3435 1611 benignam.
3473 1503 3845 1604 Quorum

1052 1657 1235 1720 vota
1271 1641 1686 1719 miserator
1733 1643 2127 1720 Dominus
2168 1639 2521 1749 benigno
2554 1640 2826 1721 favore
2872 1657 3351 1751 prosequtus
3386 1659 3538 1739 est,
3586 1659 3676 1721 ut
3704 1641 3844 1720 fir-

1054 1779 1292 1857 miter
1332 1775 1828 1857 credebatur.
1875 1779 1949 1856 N
1955 1806 2083 1857 am
2118 1779 2366 1857 trium
2404 1781 2797 1859 mensium
2838 1780 3144 1889 spacio,
3199 1779 3674 1887 primiceriis
3705 1808 3848 1889 pu-

1055 1915 1303 2022 gilum
1340 1943 1530 1994 aure
1566 1914 1791 1995 favor
1832 1916 2208 2024 optabilis
2247 1934 2324 1996 et
2352 1919 2594 1995 maris
2632 1934 2856 2024 grata
2893 1915 3467 2027 transquillitas
3495 1919 3840 1996 votivam

1056 2069 1799 2163 atque-prosperam
1837 2056 2436 2161 navigacionem
2472 2053 2789 2133 obtulit.
2835 2051 2988 2132 Sed
3020 2054 3401 2163 quociens
3437 2081 3701 2161 regem
3734 2054 3846 2136 sic

1057 2188 1156 2269 ad
1198 2187 1769 2297 agrediendum
1817 2220 2018 2299 opus
2062 2192 2519 2271 excitabant
2561 2221 2578 2269 t
2628 2225 2665 2264 <c
2693 2190 3079 2287 Domine,
3125 2218 3267 2268 cur
3300 2191 3549 2305 ceptis
3582 2220 3846 2272 moras

1060 2363 1094 2401 ‹<
1126 2329 1557 2426 innectitiS,
1590 2357 1773 2407 cum
1803 2357 2115 2437 semper
2145 2326 2472 2408 differre
2504 2329 2801 2437 paratis
2832 2327 3249 2407 nocuerit?
3273 2361 3309 2400 >³
3338 2330 3847 2436 persuasione

1057 2464 1594 2577 quorumdam
1622 2464 2161 2575 respondebat
2194 2465 2279 2545 id
2321 2495 2404 2546 se
2435 2465 2864 2545 affectuose
2904 2483 3221 2574 optare,
3262 2494 3410 2545 nec
3439 2465 3655 2545 aliud
3692 2469 3845 2546 nisi

1057 2604 1542 2712 presenciam
1559 2605 1827 2712 patrui
1846 2605 1967 2683 sui
1994 2601 2218 2683 ducis
2236 2603 2539 2683 Biturie
2564 2623 3006 2712 expectare.
3025 2601 3352 2714 Aliquid
3374 2622 3847 2714 attemptare

1057 2742 1230 2820 sine
1281 2741 1450 2851 ejus
1498 2742 2015 2820 connivencia
2071 2738 2449 2820 indecens
2493 2757 2907 2849 reputans,
2946 2742 3209 2849 ipsum
3254 2741 3599 2821 Parisius
3648 2746 3845 2823 resi-

1060 2876 1381 2959 dentem
1444 2878 1803 2987 apicibus
1854 2878 2092 2984 regiis
2142 2896 2553 2957 evocatum
2606 2878 2917 2987 rogavit
2968 2879 3359 2957 reiteratis
3405 2879 3711 2959 vicibus
3757 2899 3848 2960 ut

1061 3046 1242 3096 cum
1298 3018 1460 3096 suis
1519 3016 1988 3096 acceleraret
2042 3016 2338 3124 copiiS,
2399 3018 2484 3094 in
2539 3015 2698 3094 fine
2739 3043 3050 3126 semper
3092 3019 3513 3101 inserens:
3565 3053 3603 3093 c<
3642 3020 3844 3099 Nam

1064 3190 1102 3226 «
1143 3172 1445 3263 puncto
1494 3182 1681 3263 sepe
1722 3155 2108 3260 temporis
2148 3180 2628 3260 magnorum
2671 3181 3185 3262 aggressuum
3229 3174 3637 3235 momenta
3669 3185 3846 3237 ver-

1064 3324 1100 3364 α
1145 3307 1449 3369 tuntur.
1492 3291 1566 3368 N
1571 3318 1725 3369 unc
1776 3319 2032 3388 mare,
2076 3288 2454 3370 fluctibus
2497 3293 2982 3400 exagitatum
3029 3291 3448 3401 hybernis,
3492 3296 3848 3403 spirante

1063 3463 1098 3501 ‹<
1143 3428 1467 3506 favonio
1495 3490 1513 3526 ,
1572 3425 1675 3507 ad
1724 3430 2148 3507 transitum
2199 3427 2439 3508 offert
2483 3456 2565 3507 se
2597 3428 3101 3535 placabilius3
3141 3448 3221 3508 et
3254 3431 3422 3539 ejus
3456 3432 3846 3511 instabili-

1063 3601 1100 3639 «
1140 3583 1379 3645 tatem
1409 3584 1798 3646 assuetam
1831 3565 2021 3645 alias
2050 3584 2426 3676 expertus
2452 3567 2662 3645 estis,
2684 3600 2721 3639 ›>
2749 3564 2902 3644 Sed
2936 3563 3454 3647 redeuntibus
3485 3569 3800 3649 nunciis
3830 3633 3848 3669 ,

1061 3703 1304 3781 michi
1353 3721 1431 3783 et
1483 3703 1870 3784 universis
1941 3702 2474 3783 residentibus
2543 3705 2627 3782 in
2690 3705 2967 3783 castris
3013 3723 3097 3783 et
3142 3701 3241 3784 de
3294 3732 3562 3783 rerum
3636 3724 3849 3786 statu

1061 3841 1654 3920 sciscitantibus
1702 3841 2161 3921 asserebant
2210 3839 2493 3921 ducem
2544 3844 2805 3951 ipsum
2867 3842 2976 3920 nil
3042 3841 3379 3950 amplius
3435 3841 3842 3941 affectare,

1063 3979 1223 4056 nisi
1272 3996 1583 4086 tempus
1635 3980 1721 4057 in
1775 4007 2068 4059 vanum
2124 3997 2403 4059 terere.
2471 3980 2574 4060 Et
2624 4008 2938 4089 semper
2986 3978 3394 4059 monendo
3444 4009 3712 4089 regem
3758 4000 3849 4061 ut

1064 4113 1218 4193 lete
1263 4116 1556 4194 viveret
1594 4133 1675 4195 et
1723 4117 1895 4195 sine
1925 4114 2460 4197 sollicitudine
2489 4179 2508 4215 ,
2550 4115 2895 4197 addebat
2930 4118 3192 4225 ipsum
3229 4146 3470 4227 super
3503 4120 3847 4199 transitu

1065 4249 1641 4332 insufficienter
1701 4252 2191 4352 consultum,
2249 4272 2327 4333 et
2390 4282 2572 4334 cum
2629 4252 2729 4334 ad
2793 4281 2977 4333 eum
3027 4255 3332 4333 veniret
3359 4316 3378 4353 ,
3427 4257 3846 4364 negocium

1064 4388 1291 4468 aliter
1321 4417 1563 4501 quam
1596 4388 2068 4471 credebatur
2095 4393 2588 4471 terminaret.

1174 4543 1498 4623 Abhinc
1584 4546 1668 4622 in
1737 4544 1800 4622 F
1804 4545 2250 4652 rancigenis
2324 4546 2669 4626 marcius
2728 4542 2974 4624 ardor
3044 4547 3349 4654 incepit
3422 4562 3842 4654 tepescere.

1064 4680 1374 4761 Moram
1415 4708 1734 4792 quoque
1776 4679 2469 4792 indignantissime
2511 4668 3025 4792 perferentes,
3085 4683 3238 4762 sub
3273 4699 3643 4791 pretextu
3679 4709 3849 4760 non

1063 4818 1448 4923 persoluti
1485 4816 1911 4924 stipendii,
1956 4847 2099 4927 per
2129 4821 2192 4899 F
2197 4818 2589 4900 landriam
2609 4882 2628 4919 ,
2653 4818 3261 4901 Viromandiam
3291 4837 3376 4899 et
3402 4815 3850 4897 Picardiam
