4666 6014
1191 691 1332 761 420
1645 651 2326 756 cnaomconuM
2377 681 2731 754 KARou
2781 681 3290 756 sExT1L113.
3345 682 3504 758 v11.

1193 841 1396 915 tium
1424 831 1888 930 audiendos,
1919 832 2217 911 nullam
2238 829 2796 912 condicionem
2822 835 3038 941 pacis
3067 831 3676 931 admittendam,
3705 832 3843 913 sed
3868 834 3969 914 ad

1197 973 1358 1050 vim
1406 987 1763 1080 apertam
1807 971 1977 1079 ejus
2027 967 2512 1048 fractoribus
2558 967 3058 1049 inferendam
3116 971 3486 1076 protinus
3549 970 3969 1078 insurgen-

1197 1106 1424 1204 dum,
1471 1125 1564 1186 ut
1613 1106 2004 1185 referrent
2049 1103 2431 1185 talionem
2474 1134 2625 1215 pro
2685 1107 3132 1186 excessibus
3178 1095 3437 1186 illatis.
3486 1106 3672 1186 Non
3726 1103 3971 1186 adhe-

1199 1262 1482 1323 rentes·
1517 1240 1900 1351 predictis
1960 1272 2275 1323 causam
2324 1241 2590 1323 dicere
2627 1272 2894 1352 regem
2932 1244 3305 1322 Armenie
3328 1305 3347 1341 ,
3407 1244 3668 1324 virum
3700 1225 3979 1354 utique

1199 1382 1487 1459 vivacis
1539 1380 1843 1486 ingenii
1885 1378 2252 1491 oculique
2293 1380 2768 1489 perspicacis
2812 1394 3328 1486 rogaverunt,
3390 1380 3572 1490 qui,
3622 1379 3980 1489 quamvis

1202 1517 1610 1627 hucusque
1669 1516 2081 1597 silencium
2120 1518 2201 1595 in
2261 1515 2675 1627 colloquiis
2728 1517 2966 1623 regiis
3015 1517 3400 1595 tenuisset
3421 1576 3440 1613 ,
3486 1542 3668 1594 cum
3690 1514 3981 1621 lingue

1204 1654 1448 1731 latine
1485 1653 1861 1760 periciem
1894 1652 2018 1731 vel
2048 1671 2336 1760 sponte
2369 1651 2623 1731 fluens
2651 1649 2973 1760 ydioma
2997 1652 3370 1760 gallicum
3400 1679 3568 1731 non
3604 1651 3933 1731 haberet
3958 1712 3977 1746 ,

1205 1807 1398 1867 tunc
1422 1805 1688 1868 tamen
1716 1792 1980 1895 ipsum
2010 1790 2161 1869 sub
2186 1785 2663 1896 compendio
2695 1788 2806 1867 sic
2835 1788 3200 1898 loqutum
3228 1788 3531 1897 accipio
3561 1817 3577 1864 :

1322 1959 1358 1998 ‹<
1400 1923 1568 2004 Sub
1601 1929 2096 2005 correctione
2141 1928 2393 2034 regia,
2440 1924 2692 2004 incliti
2750 1921 3021 2022 duceS,
3074 1925 3142 2004 si
3184 1924 3818 2030 magnanimitati
3869 1948 3986 2000 as-

1211 2095 1248 2135 «
1297 2060 1600 2140 cribam
1617 2059 1715 2141 de
1741 2063 1975 2150 illatis
2006 2063 2324 2171 injuriis
2361 2063 2447 2140 in
2473 2062 2829 2140 favorem
2858 2061 2972 2138 rei
2998 2059 3315 2168 publice
3344 2076 3716 2168 appetere
3728 2059 3982 2139 ulcio-

1212 2233 1249 2270 «
1290 2226 1475 2277 nem
1508 2261 1527 2294 ,
1590 2197 1882 2282 addam
1949 2217 2028 2278 et
2080 2199 2236 2277 hoc
2301 2197 2789 2277 racionabile
2842 2198 3219 2307 omnique
3279 2225 3469 2276 cura
3513 2197 3984 2306 exequcioni

1212 2369 1248 2407 <c
1281 2331 1860 2432 mandandum,
1910 2332 2102 2414 dum
2142 2352 2408 2413 tamen
2453 2331 2554 2413 ad
2588 2331 2671 2412 id
2716 2330 3002 2411 ordine
3036 2360 3396 2440 congruo
3426 2335 3824 2430 veniatur,
3865 2334 3983 2410 vi-

1215 2505 1252 2544 «
1294 2488 1506 2550 tetur
1555 2455 1875 2583 quoque
1926 2473 2294 2579 impetus,
2351 2471 2490 2578 qui
2526 2488 2809 2553 cuncta
2837 2497 3149 2579 semper
3198 2472 3533 2577 pessime
3578 2467 3981 2549 conducit.

1215 2641 1252 2680 ‹<
1294 2609 1463 2687 Hac
1520 2607 1620 2688 de
1666 2637 1897 2687 causa
1964 2635 2132 2687 rem
2184 2606 2458 2715 agredi
2519 2636 2687 2687 non
2744 2608 2856 2687 ita
2909 2634 3190 2687 censeo
3242 2606 3744 2705 festinanter,
3817 2625 3989 2687 esto

1217 2778 1255 2817 c<
1288 2746 1668 2824 noveritis
1728 2745 1995 2824 hostes
2051 2743 2597 2823 exhibitorum
2656 2762 3017 2823 tenorem
3074 2745 3713 2854 juramentorum
3760 2745 3992 2823 reite-

1216 2913 1252 2951 «
1295 2882 1489 2958 ratis
1529 2880 1838 2960 vicibus
1889 2880 2224 2960 violasse
2265 2897 2348 2960 et
2386 2879 2814 2960 inducialia
2866 2878 3137 2960 federa
3163 2941 3183 2974 ,
3238 2879 3376 2961 sed
3434 2878 3695 2960 adhuc
3743 2877 3847 2959 ad
3896 2909 3985 2959 ea

1218 3052 1255 3090 «
1298 3015 1571 3097 induci
1634 3020 2006 3128 benignis
2055 3020 2385 3100 monitis
2411 3081 2431 3118 ,
2494 3036 2617 3117 ut,
2682 3021 2743 3099 si
2814 3021 3280 3128 arrogancie
3337 3019 3566 3100 solite
3618 3017 3989 3099 dederint

1218 3187 1255 3226 (ι
1295 3152 1616 3235 evidens
1671 3173 2229 3262 argumentum
2249 3218 2271 3254 ,
2330 3157 2648 3266 justicia
2683 3175 2943 3238 vestra
2992 3157 3333 3266 amplius
3375 3156 3779 3236 elucescat.
3821 3154 3989 3234 Ma-

1216 3321 1254 3360 «
1291 3318 1317 3396 J
1326 3315 1504 3369 ores
1562 3292 1802 3369 vestri
1862 3289 2078 3370 hunc
2162 3319 2473 3372 morem
2535 3292 2945 3403 hucusque
3017 3308 3287 3372 tenere
3350 3289 3799 3371 docuerunt
3817 3354 3836 3390 ,
3912 3309 3992 3370 et

1217 3457 1255 3496 α
1295 3441 1387 3502 ut
1432 3421 1652 3535 quod
1704 3423 2142 3533 persuadeo
2196 3429 2652 3534 suspicione
2695 3446 2995 3525 careat,
3048 3428 3116 3506 si
3164 3426 3455 3534 placet,
3501 3425 3604 3504 ad
3624 3426 3990 3506 ‘subeun-

1219 3595 1255 3633 «
1306 3558 1498 3640 dum
1550 3560 1907 3643 laborem
1958 3590 2084 3641 me
2142 3562 2400 3642 offero
2431 3625 2450 3661 ,
2504 3565 2691 3675 quia
2742 3575 2922 3643 cum
2995 3562 3323 3673 alicujus
3386 3562 3739 3640 amicicie
3788 3564 3996 3643 noti-

1221 3733 1257 3771 «
1295 3699 1416 3776 cia
1467 3695 1834 3778 hostibus
1884 3700 2198 3779 vinctus
2258 3728 2429 3779 non
2487 3701 2672 3798 sim,
2724 3727 2820 3778 eo
2865 3699 3206 3779 forsitan
3268 3697 3506 3776 verba
3569 3725 3744 3776 mea
3800 3699 3993 3807 ipsis

1221 3871 1258 3909 <c
1301 3836 1480 3944 plus
1534 3832 1818 3917 cedent
1881 3835 1985 3916 ad
2039 3853 2315 3917 votum
2365 3865 2606 3947 quam
2659 3836 2975 3915 illorum
3029 3851 3309 3914 contra
3368 3862 3571 3945 quos
3624 3834 3993 3916 laborant

1223 4006 1261 4045 α
1303 3971 1493 4052 odio
1549 3971 2043 4083 inexpiabili.
2081 4008 2120 4048 2>
3077 4064 3093 4081 ⁶

1336 4109 1510 4188 Hiis
1543 4113 1681 4221 qui
1714 4109 2199 4189 sessionibus
2239 4107 2526 4189 ordine
2573 4108 3132 4209 succedebant,
3173 4127 3251 4190 et
3307 4105 3633 4189 tandem
3674 4110 3761 4188 in
3808 4137 3994 4188 ocu-

1221 4245 1317 4325 lis
1370 4248 2061 4328 circumstancium
2106 4250 2456 4355 optimus
2506 4276 2769 4329 sermo
2827 4251 3041 4328 visus
3088 4248 3244 4327 fuit
3265 4309 3285 4346 ,
3339 4246 3652 4357 sibique
3698 4272 3838 4325 rex
3890 4245 3998 4323 le-

1222 4384 1636 4490 gacionem
1660 4445 1678 4481 ,
1729 4383 2009 4492 juncto
2078 4381 2617 4495 quorumdam
2671 4384 3111 4465 aulicorum
3166 4386 3508 4465 honesto
3563 4384 3945 4463 comitatu
3974 4444 3993 4479 ,

1224 4515 1559 4599 dulciter
1611 4520 2303 4603 recommendavit.
2361 4524 2513 4604 Cui
2568 4550 2748 4603 cum
2803 4522 3336 4622 valedixisset,
3389 4518 3759 4603 secundis
3810 4548 3998 4600 usus

1226 4653 1602 4735 fluctibus
1623 4718 1642 4755 ,
1702 4657 1787 4736 in
1816 4658 2187 4767 Angliam
2216 4687 2398 4739 cum
2436 4660 2767 4741 licencia
2808 4663 3370 4743 transfretavit.
3414 4639 3783 4739 Adventu
3830 4657 4000 4764 ejus

1225 4794 1591 4899 cognit0,
1658 4792 2231 4906 attendensque
2303 4824 2445 4879 rex
2516 4799 2803 4907 Anglie
2857 4797 3075 4911 quod
3135 4816 3405 4879 tantus
3462 4784 3840 4906 princeps
3899 4790 4002 4871 ad
