4666 6014
1094 660 1189 730 64
1606 651 2294 728 CHRONICORUM
2345 647 2701 724 KAROLI
2753 649 3037 724 sEx'rl
3087 652 3263 725 LIB.
3320 652 3377 725 Ι.

1206 803 1452 908 Quod
1502 802 1832 885 audiens
1860 801 2261 901 ‚dominus
2308 801 2753 881 Almaricus
2800 797 2900 880 de
2939 800 3400 898 Clichonio,
3445 800 3684 910 hujus
3727 829 3895 882 cus·

1092 963 1256 1041 tOS,
1301 971 1492 1022 mox
1531 938 1880 1050 presidia
1922 969 2068 1049 per
2103 967 2380 1019 muros
2419 939 2752 1049 aliaque,
2795 940 2881 1017 in
2922 939 3215 1046 quibus
3257 939 3651 1018 staciones
3690 941 3893 1047 vigi-

1091 1082 1230 1191 lias
1262 1109 1418 1193 que
1454 1078 1864 1188 placuerat
1893 1106 2060 1157 esse
2079 1140 2097 1176 ,
2129 1077 2301 1157 loca
2325 1075 2818 1157 distribuens
2838 1137 2857 1174 ,
2902 1104 3179 1156 omnes
3219 1074 3324 1155 ad
3355 1076 3894 1156 resistenciam

1091 1217 1497 1297 animavit.
1547 1211 2184 1296 Advenientibus
2237 1233 2427 1294 tunc
2476 1213 2886 1313 hostibuS‚
2947 1241 3130 1292 cum
3172 1210 3676 1294 dedicionem
3712 1213 3894 1293 ville

1089 1358 1563 1466 imperatam
1608 1380 1775 1431 non
1824 1352 2083 1431 solum
2131 1351 2628 1460 denegasset,
2684 1369 2763 1431 et
2822 1348 3048 1464 quod
3101 1352 3342 1432 cicius
3403 1352 3643 1432 malet
3683 1352 3892 1431 mori

1089 1522 1332 1604 quam
1379 1491 1482 1572 ad
1538 1489 2042 1573 dedicionem
2088 1493 2397 1587 venire,
2452 1490 2721 1569 hostes
2767 1489 3052 1569 urbem
3103 1487 3526 1570 obsidione
3574 1491 3895 1598 cingere

1091 1650 1621 1712 maturarunt.
1681 1632 1971 1711 Primis
2010 1628 2627 1711 ascendentibus
2674 1658 2999 1710 murum
3035 1632 3435 1738 premium
3479 1629 3892 1739 pecuniale

1092 1769 1613 1878 pollicentur;
1648 1797 1810 1881 quo
1839 1769 2210 1849 nonnulli
2246 1765 2348 1848 ad
2379 1769 2759 1848 virtutem
2791 1769 3152 1866 excitati,
3185 1766 3380 1847 dum
3408 1769 3893 1848 reiterantur

1091 1905 1463 2004 assultus,
1506 1904 1637 1986 die
1678 1923 2082 2019 noctuque
2128 1906 2505 1985 nituntur
2555 1904 3018 2004 ascendere,
3061 1934 3151 1985 ac
3191 1905 3386 1984 alios
3428 1922 3666 2017 atque
3695 1906 3892 1986 alios

1090 2044 1590 2125 sublevantes
1619 2105 1639 2142 ‚
1720 2044 1947 2124 urbis
2034 2063 2261 2152 capte
2337 2041 2828 2155 quandoque
2917 2046 3258 2153 speciem
3339 2041 3888 2124 ostenderunt.

1091 2183 1422 2263 Frustra
1484 2199 1753 2261 tamen
1809 2181 2324 2275 laborabant,
2363 2181 2691 2261 Gallicis
2738 2183 2959 2260 omni
3008 2199 3371 2290 tempore
3424 2211 3514 2261 ac
3553 2181 3730 2261 loco
3790 2179 3892 2261 ad

1091 2319 1634 2400 resistenciam
1698 2320 2021 2428 paratis.
2093 2317 2451 2399 Fallebat
2516 2320 2797 2430 utique
2874 2336 3193 2427 gentem
3253 2318 3634 2400 mobilem
3691 2348 3892 2399 vana

1089 2485 1303 2566 speS,
1340 2455 1536 2537 dum
1575 2455 1678 2537 ab
1712 2457 2156 2537 introrsum
2203 2455 2717 2536 manentibus
2755 2454 3117 2565 lapidum
3147 2474 3228 2535 et
3271 2456 3689 2537 missilium
3724 2459 3894 2538 icti-

1088 2595 1241 2675 bus
1272 2592 1374 2674 ad
1414 2623 1738 2674 murum
1790 2620 1936 2702 per
1992 2594 2517 2702 precipicium
2567 2594 2873 2673 emissis
2926 2622 3257 2702 persepe
3293 2592 3891 2674 multitudinem

1092 2733 1666 2838 obrepencium
1706 2730 2306 2839 proturbabant
2324 2792 2345 2830 ,
2391 2733 2476 2810 in
2532 2728 2704 2810 dies
2761 2730 3055 2811 multos
3116 2731 3575 2811 afficiebant
3627 2732 3894 2813 vulne—

1090 2870 1354 2966 ribuS,
1392 2887 1473 2951 et
1503 2867 1702 2949 alios
1733 2865 2236 2948 occidebant.
2279 2865 2411 2947 Ad
2448 2868 2819 2947 ultimum
2872 2897 3063 2948 vero
3117 2872 3575 2976 capitaneus
3623 2871 3891 2949 multis

1090 3006 1520 3087 assultibus
1575 3005 2019 3104 lacessitus,
2070 3035 2252 3086 cum
2303 3004 2470 3114 jam
2525 3034 2670 3085 nec
2721 3035 2859 3087 sue
2924 3009 3301 3116 paucitati
3367 3004 3681 3104 fideret,
3739 3009 3892 3089 hoc

1092 3147 1260 3252 regi
1310 3144 1795 3225 denunciare
1832 3143 2177 3243 studuit,
2229 3144 2729 3254 subjungens
2764 3144 3144 3253 Anglicos
3185 3173 3268 3223 se
3313 3143 3894 3226 debellaturum

1090 3283 1500 3390 proximo,
1551 3283 1619 3361 si
1675 3283 1834 3362 sibi
1892 3280 2430 3363 destinaretur
2483 3283 2714 3391 copia
2779 3281 3282 3373 bellatorum.
3344 3284 3519 3361 Hoc
3580 3282 3890 3381 audit0‚

1094 3424 1386 3530 raptim
1448 3419 1783 3529 pugilles
1851 3420 2516 3518 conscribuntur,
2572 3438 2652 3499 et
2717 3418 3063 3500 duorum
3123 3422 3519 3500 mensium
3574 3450 3892 3502 emenso

1090 3559 1357 3667 spacio
1390 3560 1848 3637 mittuntur.
1884 3558 2202 3659 Quibus
2232 3560 2694 3668 capitaneus
2725 3557 2977 3639 fretus
2999 3622 3017 3656 ‚
3049 3561 3570 3668 erupcionem
3596 3559 3895 3639 faciens

1093 3699 1178 3775 in
1221 3696 1490 3775 hostes
1531 3696 1805 3794 irruit3
1844 3713 1923 3775 et
1955 3697 2099 3806 qui
2137 3698 2424 3805 sepius·
2448 3694 2970 3794 invadebant,
3003 3698 3344 3778 viriliter
3376 3695 3891 3778 invaduntur.

1093 3832 1513 3912 Gallorum
1550 3834 2017 3941 inopinatus
2057 3862 2474 3942 aggressus
2509 3836 2623 3915 sic
2662 3832 3155 3951 adversarios
3185 3837 3510 3934 terruit,
3539 3852 3631 3914 ut
3658 3835 3901 3913 vexil-

1092 3970 1256 4048 lum
1297 3967 1659 4051 deserere
1702 3990 2030 4080 repente
2067 3972 2646 4079 cogitaverunt.
2675 3974 2902 4074 Quos
2928 3976 3385 4084 capitaneus
3416 3973 3891 4079 reprimens:

1095 4143 1131 4180 «
1175 4107 1304 4187 Ab
1341 4108 1699 4216 Anglicis
1738 4109 2180 4207 mentibus,
2232 4110 2533 4223 inquit,
2577 4111 2861 4220 procul
2909 4111 3118 4190 absit
3152 4127 3439 4207 metus,
3488 4108 3900 4221 hucusque

1097 4279 1133 4317 <c
1176 4246 1454 4356 utique
1478 4274 1683 4327 nova
1709 4243 1986 4357 pestis!
2025 4247 2232 4326 Nam
2254 4247 2573 4329 affirmo
2608 4249 2722 4327 nil
2755 4249 2994 4328 nobis
3023 4245 3124 4328 ad
3155 4249 3575 4356 victoriam
3603 4246 3895 4344 deesse,

1096 4417 1134 4456 (ε
1176 4384 1243 4462 si
1294 4386 1755 4465 constancia
1797 4413 1968 4465 non
2009 4382 2240 4465 desit.
2286 4420 2323 4460 n
2384 4387 2487 4467 Et
2526 4387 2676 4467 hec
2731 4384 3004 4465 dicens
3050 4386 3370 4493 signum
3421 4380 3646 4466 dedit
3684 4386 3899 4464 inva-

1096 4519 1367 4601 dendi.
1388 4524 1627 4602 Dicto
1654 4525 1900 4603 cicius
1936 4551 2155 4603 arma
2187 4542 2623 4633 capescunt
2651 4523 2976 4621 milites;
3012 4553 3110 4604 ex
3139 4524 3436 4633 algenti
3465 4521 3900 4604 formidine

1093 4660 1361 4739 fervor
1412 4659 1736 4741 audacie
1778 4663 2107 4758 crescit;
2161 4662 2732 4772 fortunamque
2795 4660 2983 4741 belli
3033 4664 3380 4771 experiri
3433 4678 3898 4755 statuentes,

1097 4825 1271 4877 cum
1320 4796 1709 4876 balistarii
1750 4798 1853 4877 ab
1890 4817 2230 4913 utraque
2249 4799 2415 4879 acie
2440 4796 2813 4914 dispositi
2843 4797 3088 4884 densa
3135 4800 3344 4880 nube
3372 4798 3790 4881 missilium
3823 4814 3901 4876 et
