4666 6014
969 653 1112 730 262
1446 649 2129 726 CHRONICORUM
2181 647 2538 723 KAROLI
2588 645 2873 726 SEXTI
2922 649 3101 720 ΜΒ.
3155 647 3280 720 IV.

968 803 1314 913 agricole
1337 866 1356 901 ,
1407 800 1642 883 velud
1695 801 2077 911 pestifero
2129 798 2413 909 sydere
2462 799 2768 911 ubique
2832 800 3134 895 territi,
3208 798 3504 879 relictis
3568 799 3759 880 sub-

965 942 1263 1041 urbiiS‚
1319 940 1538 1020 villas
1573 957 1927 1019 muratas
1969 939 2392 1049 petebant,
2437 955 2574 1018 aut
2607 935 2711 1018 ad
2743 937 2909 1017 loca
2943 934 3216 1017 abdita
3260 953 3341 1017 et
3382 936 3761 1019 silvarum

966 1078 1450 1188 condempsa
1491 1106 1670 1160 cum
1707 1078 2135 1176 uxoribus,
2175 1077 2450 1158 liberis
2474 1140 2492 1174 ,
2534 1074 2944 1185 gregibus,
2988 1075 3370 1156 armentis
3414 1093 3495 1155 et
3536 1080 3758 1157 omni

962 1219 1457 1314 substancia,
1500 1217 1727 1329 quasi
1775 1234 2121 1325 agrestes
2163 1216 2365 1313 fere,
2404 1214 2847 1324 fugiebant.

1074 1355 1332 1434 Tante
1393 1352 1886 1434 crudelitatis
1941 1353 2253 1434 aculeos
2306 1381 2449 1436 rex
2509 1351 2856 1433 Karolus
2894 1381 3063 1432 non
3125 1352 3537 1462 perferens
3599 1358 3761 1464 pri-

961 1495 1304 1573 miceriis
1339 1492 1747 1600 legionum
1783 1493 2058 1600 jussit,
2092 1489 2614 1603 undicunque
2652 1508 3014 1601 possent,
3051 1489 3341 1572 milites
3371 1489 3758 1590 adunare,

958 1633 1127 1739 lege
1166 1632 1414 1710 eciam
1453 1627 1771 1712 edictali
1811 1629 2114 1741 ubique
2144 1627 2247 1710 ad
2277 1631 2860 1710 incrementum
2901 1630 3337 1737 conscripti
3365 1633 3760 1711 exercitus
3880 1615 3893 1620 “

959 1769 1276 1879 publice
1318 1768 1832 1878 proclamari,
1890 1786 1982 1849 ut
2021 1797 2299 1849 omnes
2353 1767 2688 1866 feodati,
2745 1770 3287 1882 cujuscunque
3318 1771 3343 1814 ¹
3388 1772 3595 1850 vires
3654 1768 3758 1850 ad

957 1937 1175 1986 arma
1225 1904 1556 1986 ferenda
1608 1907 2182 2017 suppetebant,
2233 1904 2741 2016 expedicioni
2796 1936 2879 1987 se
2923 1925 3331 2017 aptarent,
3382 1936 3754 1988 recusan-

956 2047 1174 2125 tibus
1225 2043 1445 2124 feodi
1500 2046 1791 2152 integri
1853 2042 2437 2155 redempcionis
2491 2042 3009 2154 superaddita
3062 2046 3332 2124 multa.
3382 2047 3753 2125 Hostium

953 2184 1211 2262 veraci
1264 2182 1663 2262 relacione
1699 2179 2217 2292 postmodum
2263 2179 2512 2261 didici
2563 2184 3001 2263 exercitum
3031 2181 3433 2263 suffecisse
3474 2180 3574 2262 ad
3618 2181 3757 2262 de·-

957 2318 1225 2399 lendas
1289 2320 1575 2401 multas
1643 2320 2030 2400 barbaras
2078 2321 2499 2421 naciones;
2555 2299 2702 2401 nec
2750 2322 3194 2433 cujuspiam
3236 2321 3562 2402 tenebat
3598 2351 3757 2401 me-

952 2462 1212 2538 moria
1245 2477 1544 2540 tantam
1572 2486 1668 2538 ex
1705 2459 2081 2540 universo
2115 2459 2344 2566 regni
2379 2476 2640 2539 tractu
2670 2460 3131 2540 convenisse
3161 2456 3759 2539 multitudinem

949 2616 1111 2675 tam
1147 2599 1509 2707 equitum
1565 2624 1801 2707 quam
1847 2592 2235 2702 peditum.
2271 2596 2474 2676 Nam
2504 2657 2523 2694 ,
2555 2595 2852 2708 quibus
2879 2593 3455 2678 recensendum
3487 2625 3759 2676 nume-

957 2713 1154 2813 rum'
1177 2734 1690 2813 commissum
1723 2750 1877 2830 est,
1913 2730 2197 2813 dicunt
2233 2731 2507 2814 decem
2554 2751 2634 2812 et
2680 2733 3073 2814 sexmilia
3102 2732 3447 2814 militum
3476 2750 3556 2812 et
3588 2761 3759 2814 scu·

957 2872 1376 2952 tiferorum
1452 2889 1650 2952 tunc
1721 2872 2102 2952 loricatos
2187 2869 2290 2952 ad
2356 2900 2710 2981 unguem
2785 2889 3192 2981 presentes
3271 2870 3747 2950 interfuisse.

955 3013 1266 3091 Horum
1319 3011 1680 3090 omnium
1737 2989 2109 3117 precibus
2159 3007 2843 3107 condescendenS,
2898 3007 3234 3089 consilio
3271 3026 3751 3118 patruorum

952 3138 1281 3226 suorum
1321 3176 1412 3224 ac
1459 3145 1999 3227 deferencium
2044 3146 2245 3245 lilia,
2302 3175 2496 3227 voce
2552 3147 2929 3256 preconia
2963 3148 3049 3225 in
3093 3144 3546 3225 civitatibus
3592 3163 3751 3224 sta-

951 3286 1108 3364 tuit
1141 3283 1678 3393 promulgari,
1738 3301 1829 3363 ut
1888 3282 2255 3362 absentes
2302 3279 2672 3361 utilitatis
2728 3281 3164 3390 reipublice
3222 3311 3454 3360 causa
3501 3312 3752 3393 usque

950 3438 1136 3530 post
1175 3417 1524 3500 reditum
1579 3449 1809 3500 suum
1857 3419 2072 3498 trahi
2115 3416 2217 3498 ad
2257 3417 2651 3529 judicium
2692 3447 2859 3497 non
2913 3435 3242 3526 possent
3280 3445 3752 3531 quacunque

953 3559 1408 3657 occasione3
1469 3586 1571 3638 ne
1639 3560 1819 3671 quis
1881 3557 2155 3637 militis
2216 3574 2354 3636 aut
2422 3557 2840 3664 armigeri,
2899 3552 3284 3668 quamdiu
3343 3557 3426 3636 in
3475 3561 3751 3637 castris

951 3715 1186 3792 esset,
1255 3696 1473 3777 bona
1539 3694 1921 3777 venderet
1984 3712 2124 3775 aut
2191 3712 2622 3804 occuparet
2649 3756 2668 3791 ,
2731 3692 3029 3773 liberos
3092 3711 3519 3802 nepotesve
3582 3694 3748 3801 ejus

953 3832 1396 3943 aliqualiter
1446 3833 1979 3942 perturbaret.
2037 3833 2340 3913 Iterum
2373 3831 2957 3942 proclamatum
2990 3849 3110 3912 est
3150 3859 3251 3910 ne
3297 3832 3439 3942 qui
3483 3857 3757 3909 recen-

953 3969 1203 4051 sendo
1266 3974 1702 4052 exercitum
1768 3969 2307 4053 accomodatis
2368 3973 2869 4080 ,reciperetur
2925 3973 3009 4051 in
3071 3969 3333 4051 armis.
3403 3968 3507 4047 Et
3568 3968 3757 4078 quia

955 4108 1576 4191 innumerabiles
1610 4110 1957 4218 gregarii
1994 4126 2252 4189 castra
2287 4109 2872 4222 sequebantur,
2907 4110 3048 4219 qui
3092 4106 3392 4225 pocius·
3424 4103 3761 4215 impedi-

957 4264 1225 4327 mento
1257 4264 1338 4326 et
1371 4249 1600 4327 oneri
1630 4275 1873 4358 quam
1899 4247 2228 4327 utilitati
2257 4266 2528 4336 erant,
2562 4245 2926 4328 additum
2959 4261 3078 4324 est
3106 4260 3197 4324 ut
3222 4272 3412 4323 cum
3438 4246 3555 4326 eis
3586 4273 3761 4353 gra-

951 4415 1083 4467 ves
1119 4388 1284 4498 jam
1318 4403 1559 4482 etate,
1594 4412 1885 4494 parum
1912 4382 2182 4464 vallidi
2229 4402 2310 4466 et
2338 4383 2441 4466 ad
2476 4384 2774 4464 bellum
2814 4383 3069 4492 inepti
3122 4380 3582 4462 recederent
3601 4444 3619 4480 ,
3679 4400 3759 4459 et

953 4526 1067 4606 illi
1112 4529 1251 4640 qui
1303 4525 1864 4622 remanebant,
1901 4524 2324 4635 stipendiis
2349 4525 2829 4607 militaribus
2870 4526 3265 4623 contenti,
3296 4521 3582 4635 predas
3614 4522 3757 4598 mi-

953 4666 1163 4743 nime
1196 4681 1657 4743 exercerent
1693 4692 1709 4740 2
1746 4658 1967 4774 quod
1997 4663 2275 4773 utique
2305 4692 2472 4743 non
2506 4663 2663 4745 fuit
2693 4663 3226 4745 observatum.

1027 4857 1037 4875 ¹
1091 4851 1228 4905 Var.
1261 4876 1274 4902 .·
1307 4857 1369 4905 n⁰
1395 4848 1563 4924 5960,
1593 4848 1687 4905 fol.
1716 4846 1789 4904 53
1812 4867 1888 4916 ι,
1920 4848 2357 4921 quibuscunque.
