4666 6014
1099 661 1242 735 608
1556 649 2275 727 ·CHRON1CORUM
2325 646 2680 723 KAROLI
2731 645 3016 721 SEXTI
3056 643 3234 720 LIB.
3291 643 3393 720 X.

996 837 1001 842 ·
1102 813 1384 891 berare
1451 807 1788 888 volebat.
1848 806 2013 906 Qui
2065 805 2425 915 paternis
2475 803 2804 883 monitis
2839 798 3309 882 obedienter
3345 802 3849 912 acquiescens
3874 860 3895 899 ,

1100 967 1192 1029 ut
1220 947 1808 1057 profectionem
1830 962 1994 1024 tam
2024 944 2552 1055 longinquam
2577 937 3230 1051 magnificencius
3263 940 3736 1020 continuare
3768 952 3898 1019 v'a-

1100 1083 1322 1181 leret,
1369 1112 1413 1164 a
1454 1084 1760 1163 cunctis
1787 1081 2112 1200 prelatis
2140 1082 2371 1189 regni
2402 1082 2765 1189 ingentes
2814 1075 3441 1159 accommodavit
3473 1079 3897 1186 peccunias

1104 1225 1188 1301 in
1240 1221 1679 1302 multorum
1733 1218 2330 1329 displicenciam
2373 1235 2454 1298 et
2483 1245 2905 1327 gravamen
2926 1277 2946 1316 ,
3009 1244 3191 1296 cum
3244 1218 3700 1326 oportuerit
3741 1218 3895 1296 eis-

1102 1358 1286 1439 dem
1332 1388 1569 1441 aurea
1608 1376 1687 1439 et
1736 1343 2108 1466 argentea
2154 1385 2337 1437 vasa
2376 1384 2516 1436 sua
2542 1375 2623 1435 et
2650 1384 2805 1466 que
2846 1355 3335 1465 preciosiora
3374 1352 3897 1464 possidebant

1104 1515 1437 1605 propter
1510 1496 1664 1575 hoc
1719 1489 2149 1574 inv'adia're.
2223 1494 2658 1573 Practicam
2714 1492 2921 1572 hanc
2979 1489 3429 1572 adinveniri
3486 1493 3851 1600 oportuit
3871 1554 3890 1588 ‚

1106 1637 1295 1747 quia
1346 1637 1586 1714 nimis
1641 1634 2049 1712 emissivus
2106 1648 2186 1710 et
2237 1629 2741 1710 liberalitatis
2784 1627 3173 1709 excedens
3220 1625 3570 1709 medium
3592 1690 3611 1726 ,
3670 1631 3893 1709 omni

1104 1773 1408 1879 petenti
1459 1797 1784 1848 manum
1844 1765 2267 1875 prodigam
2321 1763 2842 1858 extendebat,
2905 1782 2986 1844 et
3038 1791 3242 1876 quos
3300 1781 3527 1870 pater
3573 1782 3893 1845 centum

1106 1911 1364 1988 aureis
1403 1905 1732 2002 solebat,
1777 1905 1946 2011 ipse
1985 1902 2198 1994 mille
2229 1920 2677 1982 assueverat
2707 1918 3211 1999 contentare;
3244 1902 3512 2014 sicque
3546 1905 3895 1984 erarium

1104 2046 1367 2152 regale
1398 2043 1802 2152 peccuniis
1835 2042 2306 2120 exhaustum
2351 2038 2838 2123 reddiderat.

1217 2181 1307 2260 Id
1360 2209 1552 2289 ergo
1593 2210 1779 2288 egre
1815 2180 2159 2258 ferentes
2207 2179 2348 2289 qui
2404 2205 2712 2257 camere
2767 2180 2982 2286 regie
3031 2186 3597 2288 computorum
3637 2183 3892 2289 presi-

1103 2321 1402 2399 debant
1433 2338 1514 2398 et
1542 2321 1683 2430 qui
1718 2347 1811 2397 ex
1844 2317 2115 2397 officio
2158 2315 2372 2396 dona
2411 2317 2715 2396 meritis
2755 2316 3164 2396 habebant
3211 2344 3767 2425 compensare,
3808 2336 3896 2398 ut

1103 2455 1502 2565 superflua
1529 2459 1613 2535 iu
1639 2484 1737 2565 pa
1748 2473 1867 2534 rte
1892 2472 2444 2564 repeterentur
2471 2472 2831 2561 tempore
2863 2472 3330 2563 opportuno
3355 2516 3374 2552 ,
3402 2454 3893 2564 premiandis

1096 2576 1268 2674 non
1324 2567 1829 2701 denegabant
1890 2618 2260 2672 concessa
2282 2652 2301 2688 ,
2357 2588 2498 2670 sed
2551 2593 2910 2698 registris
2964 2592 3201 2700 regiis
3243 2595 3575 2672 nomina
3619 2594 3896 2674 intitu-

1100 2731 1342 2814 lando
1360 2793 1379 2829 ,
1418 2731 1682 2810 Nimis
1727 2730 2005 2809 habuit
2031 2728 2151 2834 vel
2196 2728 2730 2838 Recuperetur
2769 2726 3147 2839 deinceps
3193 2727 3297 2809 ad
3329 2731 3714 2811 cautelam
3748 2730 3890 2812 ad-

1104 2869 1294 2950 dere
1348 2884 1820 2949 statuerunt.
1881 2866 2320 2945 Occasione
2379 2867 2628 2945 eciam
2684 2864 3269 2976 predictorum,
3323 2894 3526 2979 quos
3594 2894 3730 2948 rex
3806 2871 3894 2949 in

1101 3026 1411 3118 partem
1458 3003 2015 3086 sollicitudinis
2068 3032 2207 3085 sue
2254 3023 2786 3114 assumpserat
2806 3067 2827 3102 ,
2883 2993 3335 3086 statuerunt
3377 3024 3469 3087 ut
3520 3004 3894 3117 deinceps

1106 3174 1393 3227 aurum
1434 3146 1648 3254 gazis
1692 3146 1932 3252 regiis
1970 3141 2480 3223 inferendum
2510 3160 3005 3223 monetatum
3035 3145 3367 3224 minime
3408 3164 3892 3243 servaretur,
3973 3237 3978 3241 ,

1105 3281 1242 3362 sed
1297 3280 1485 3361 inde
1541 3282 1890 3390 ingentis
1953 3283 2162 3360 cervi
2217 3279 2749 3360 fabricaretur
2788 3280 3090 3389 effigies
3135 3278 3238 3361 ad
3274 3281 3895 3391 grossitudinem

986 3460 989 3463 ¹
1105 3421 1274 3527 ejus
1315 3446 1553 3530 quem
1603 3445 1877 3497 omnes
1927 3419 2014 3506 in
2061 3417 2238 3497 aula
2288 3417 2505 3525 regia
2554 3418 3153 3526 conspiciebant
3198 3417 3584 3500 elevatum
3624 3422 3730 3501 ab
3761 3449 3898 3500 an-

1101 3558 1374 3665 tiquo;
1408 3582 1645 3666 quem
1676 3573 1938 3633 tamen
1963 3615 1984 3650 ,
2027 3555 2215 3665 quia
2251 3551 2394 3632 diu
2426 3554 2512 3632 in
2538 3556 2926 3663 regimine
2962 3584 3132 3636 non
3169 3576 3673 3655 manserunt,
3722 3568 3892 3639 'non

1106 3696 1261 3773 nisi
1302 3721 1552 3804 usque
1585 3690 1686 3771 ad
1721 3691 1905 3771 colli
1937 3693 2472 3771 summitatem
2501 3710 3006 3800 peregerunt.

1219 3834 1432 3910 Dum
1465 3859 1513 3909 a
1542 3832 1732 3910 viris
1762 3829 2303 3910 ecclesiasticis
2339 3829 2935 3937 recipiebantur
2981 3830 3574 3912 accommodate
3607 3860 3894 3941 peccu-

1108 3972 1272 4063 nie,
1301 3995 1439 4045 rex
1468 3964 2060 4045 dilectissimam
2088 3944 2516 4076 conjugem
2554 3984 2747 4045 tunc
2782 3986 3304 4075 pregnantem
3339 3968 3617 4049 statuit
3644 3971 3898 4077 hono-

1104 4106 1327 4185 rifice
1347 4106 1690 4184 Parisius
1722 4101 2166 4201 introduci,
2206 4105 2291 4183 in
2322 4103 2854 4205 Alemaniam,
2879 4104 3279 4214 Angliam,
3310 4107 3551 4216 longe
3582 4107 3896 4220 lateque

1110 4272 1253 4352 per
1292 4271 1627 4350 regnum
1670 4243 2018 4338 mittens,
2051 4243 2191 4353 qui
2225 4270 2417 4321 voce
2457 4243 2837 4350 preconia
2870 4241 3449 4325 solemnitatem
3482 4262 3675 4325 tunc
3706 4247 3898 4326 cele-

1110 4379 1502 4461 brandam
1568 4380 2072 4474 intimarent,
2144 4379 2507 4487 profugis
2575 4406 2897 4491 quoque
2951 4398 3032 4461 et
3095 4381 3460 4463 exulibus
3520 4380 3897 4465 omnibus

1109 4520 1674 4628 impunitatem
1706 4518 2143 4626 permitens
2184 4534 2831 4627 perpetratorum
2872 4518 3253 4603 scelerum
3287 4548 3539 4632 usque
3569 4519 3673 4602 ad
3708 4548 3898 4631 qua-

1111 4675 1297 4738 tuor
1336 4682 1665 4736 menses.
1705 4653 1905 4734 Inde
1938 4652 2446 4734 Meledunum
2473 4653 2814 4735 tendens
2834 4717 2853 4753 ‚
2885 4658 3200 4766 augusti
3224 4659 3557 4765 septima
3588 4657 3895 4742 decima

1111 4793 1279 4892 die,
1347 4792 1755 4874 dominam
1809 4790 2267 4872 Valenciam
2327 4806 2746 4900 cognatam
2789 4793 2969 4904 ejus
3026 4822 3520 4903 germana-m,
3568 4815 3661 4877 ut
3707 4812 3896 4905 pote
