<?xml version="1.0" encoding="UTF-8"?>
<!DOCTYPE html PUBLIC "-//W3C//DTD XHTML 1.0 Transitional//EN"
    "http://www.w3.org/TR/xhtml1/DTD/xhtml1-transitional.dtd">
<html xmlns="http://www.w3.org/1999/xhtml" xml:lang="en" lang="en">
 <head>
  <title>
</title>
<meta http-equiv="Content-Type" content="text/html;charset=utf-8" />
  <meta name='ocr-system' content='tesseract 3.04.00' />
  <meta name='ocr-capabilities' content='ocr_page ocr_carea ocr_par ocr_line ocrx_word'/>
</head>
<body>
  <div class='ocr_page' id='page_1' title='image "./chroniquedureli00frangoog_0264.png"; bbox 0 0 4666 6014; ppageno 0'>
   <div class='ocr_carea' id='block_1_1' title="bbox 1104 675 3412 801">
    <p class='ocr_par' dir='ltr' id='par_1_1' title="bbox 1104 675 3412 801">
     <span class='ocr_line' id='line_1_1' title="bbox 1104 675 3412 801; baseline -0.002 -43"><span class='ocrx_word' id='word_1_1' title='bbox 1104 687 1245 758; x_wconf 69' lang='lat'><strong>240</strong></span> <span class='ocrx_word' id='word_1_2' title='bbox 1578 675 2263 756; x_wconf 80' lang='lat' dir='ltr'>CHRONICORUM</span> <span class='ocrx_word' id='word_1_3' title='bbox 2313 676 2668 801; x_wconf 72' lang='lat' dir='ltr'><strong>KARQIJ</strong></span> <span class='ocrx_word' id='word_1_4' title='bbox 2720 677 3004 752; x_wconf 89' lang='lat' dir='ltr'>SEXTI</span> <span class='ocrx_word' id='word_1_5' title='bbox 3054 679 3231 753; x_wconf 91' lang='lat' dir='ltr'><strong>LIB.</strong></span> <span class='ocrx_word' id='word_1_6' title='bbox 3286 680 3412 755; x_wconf 90' lang='lat'><em>111.</em></span> 
     </span>
    </p>
   </div>
   <div class='ocr_carea' id='block_1_2' title="bbox 1065 829 3897 4665">
    <p class='ocr_par' dir='ltr' id='par_1_2' title="bbox 1089 829 3897 1770">
     <span class='ocr_line' id='line_1_2' title="bbox 1101 829 3897 941; baseline 0.003 -27"><span class='ocrx_word' id='word_1_7' title='bbox 1101 837 1406 914; x_wconf 87' lang='lat' dir='ltr'><strong>cunctis</strong></span> <span class='ocrx_word' id='word_1_8' title='bbox 1446 831 1756 910; x_wconf 85' lang='lat' dir='ltr'><strong>actibus</strong></span> <span class='ocrx_word' id='word_1_9' title='bbox 1801 831 1964 910; x_wconf 89' lang='lat' dir='ltr'><strong>suis</strong></span> <span class='ocrx_word' id='word_1_10' title='bbox 2004 829 2517 910; x_wconf 89' lang='lat' dir='ltr'><strong>clemenciam</strong></span> <span class='ocrx_word' id='word_1_11' title='bbox 2559 859 2705 941; x_wconf 87' lang='lat' dir='ltr'><strong>pre</strong></span> <span class='ocrx_word' id='word_1_12' title='bbox 2737 832 3043 912; x_wconf 88' lang='lat' dir='ltr'><strong>cunctis</strong></span> <span class='ocrx_word' id='word_1_13' title='bbox 3081 833 3541 914; x_wconf 55' lang='lat' dir='ltr'><strong>virtutibus</strong></span> <span class='ocrx_word' id='word_1_14' title='bbox 3556 838 3670 916; x_wconf 86' lang='lat' dir='ltr'><strong>sic</strong></span> <span class='ocrx_word' id='word_1_15' title='bbox 3723 867 3897 922; x_wconf 80' lang='lat' dir='ltr'><strong>am·-</strong></span> 
     </span>
     <span class='ocr_line' id='line_1_3' title="bbox 1098 959 3896 1082; baseline 0.002 -29"><span class='ocrx_word' id='word_1_16' title='bbox 1098 974 1392 1082; x_wconf 83' lang='lat' dir='ltr'><strong>plexati</strong></span> <span class='ocrx_word' id='word_1_17' title='bbox 1428 972 1781 1064; x_wconf 84' lang='lat' dir='ltr'><strong>fuerant,</strong></span> <span class='ocrx_word' id='word_1_18' title='bbox 1819 988 1910 1049; x_wconf 88' lang='lat' dir='ltr'><strong>ut</strong></span> <span class='ocrx_word' id='word_1_19' title='bbox 1949 963 2285 1079; x_wconf 87' lang='lat' dir='ltr'><strong>deipsis</strong></span> <span class='ocrx_word' id='word_1_20' title='bbox 2318 987 2590 1079; x_wconf 83' lang='lat' dir='ltr'><strong>posset</strong></span> <span class='ocrx_word' id='word_1_21' title='bbox 2626 968 2787 1048; x_wconf 90' lang='lat' dir='ltr'><strong>dici</strong></span> <span class='ocrx_word' id='word_1_22' title='bbox 2826 999 2842 1047; x_wconf 74' lang='grc' dir='ltr'><strong><em>ε</em></strong></span> <span class='ocrx_word' id='word_1_23' title='bbox 2889 969 3141 1077; x_wconf 78' lang='lat' dir='ltr'><strong>Reges</strong></span> <span class='ocrx_word' id='word_1_24' title='bbox 3179 973 3444 1051; x_wconf 78' lang='lat' dir='ltr'><strong>Israel</strong></span> <span class='ocrx_word' id='word_1_25' title='bbox 3480 959 3896 1058; x_wconf 73' lang='lat' dir='ltr'><strong>clementes</strong></span> 
     </span>
     <span class='ocr_line' id='line_1_4' title="bbox 1093 1105 3888 1218; baseline 0.002 -28"><span class='ocrx_word' id='word_1_26' title='bbox 1093 1128 1297 1190; x_wconf 80' lang='lat' dir='ltr'><strong>sunt.</strong></span> <span class='ocrx_word' id='word_1_27' title='bbox 1366 1105 1719 1189; x_wconf 89' lang='lat' dir='ltr'><strong>Vitando</strong></span> <span class='ocrx_word' id='word_1_28' title='bbox 1782 1107 2328 1218; x_wconf 83' lang='lat' dir='ltr'><strong>prolixitatem</strong></span> <span class='ocrx_word' id='word_1_29' title='bbox 2386 1108 2630 1187; x_wconf 90' lang='lat' dir='ltr'><strong>verba</strong></span> <span class='ocrx_word' id='word_1_30' title='bbox 2684 1110 3218 1215; x_wconf 87' lang='lat' dir='ltr'><strong>proponentis</strong></span> <span class='ocrx_word' id='word_1_31' title='bbox 3277 1137 3544 1218; x_wconf 85' lang='lat' dir='ltr'><strong>regem</strong></span> <span class='ocrx_word' id='word_1_32' title='bbox 3618 1115 3888 1195; x_wconf 87' lang='lat' dir='ltr'><strong>multis</strong></span> 
     </span>
     <span class='ocr_line' id='line_1_5' title="bbox 1093 1243 3890 1356; baseline 0.003 -30"><span class='ocrx_word' id='word_1_33' title='bbox 1093 1246 1378 1328; x_wconf 86' lang='lat' dir='ltr'><strong>mediis</strong></span> <span class='ocrx_word' id='word_1_34' title='bbox 1409 1245 1510 1327; x_wconf 87' lang='lat' dir='ltr'><strong>ad</strong></span> <span class='ocrx_word' id='word_1_35' title='bbox 1552 1243 2254 1326; x_wconf 79' lang='lat' dir='ltr'><strong>misericordiam-¹·</strong></span> <span class='ocrx_word' id='word_1_36' title='bbox 2286 1243 2648 1342; x_wconf 85' lang='lat' dir='ltr'>induxit,</span> <span class='ocrx_word' id='word_1_37' title='bbox 2684 1263 2764 1325; x_wconf 92' lang='lat' dir='ltr'><strong>et</strong></span> <span class='ocrx_word' id='word_1_38' title='bbox 2812 1263 2899 1324; x_wconf 92' lang='lat' dir='ltr'><strong>ut</strong></span> <span class='ocrx_word' id='word_1_39' title='bbox 2938 1246 3150 1326; x_wconf 89' lang='lat' dir='ltr'><strong>civili</strong></span> <span class='ocrx_word' id='word_1_40' title='bbox 3182 1250 3554 1356; x_wconf 85' lang='lat' dir='ltr'><strong>sanguini</strong></span> <span class='ocrx_word' id='word_1_41' title='bbox 3606 1252 3890 1334; x_wconf 88' lang='lat' dir='ltr'><strong>inolita</strong></span> 
     </span>
     <span class='ocr_line' id='line_1_6' title="bbox 1089 1363 3892 1495; baseline 0 -27"><span class='ocrx_word' id='word_1_42' title='bbox 1089 1363 1589 1492; x_wconf 77' lang='lat' dir='ltr'><strong>benignitate</strong></span> <span class='ocrx_word' id='word_1_43' title='bbox 1632 1402 2130 1495; x_wconf 78' lang='lat' dir='ltr'>parceretur,</span> <span class='ocrx_word' id='word_1_44' title='bbox 2165 1379 2598 1463; x_wconf 87' lang='lat' dir='ltr'><strong>ostendens</strong></span> <span class='ocrx_word' id='word_1_45' title='bbox 2639 1382 2910 1462; x_wconf 86' lang='lat' dir='ltr'><strong>multis</strong></span> <span class='ocrx_word' id='word_1_46' title='bbox 2950 1383 3332 1493; x_wconf 87' lang='lat' dir='ltr'><strong>exemplis</strong></span> <span class='ocrx_word' id='word_1_47' title='bbox 3377 1383 3716 1484; x_wconf 80' lang='lat' dir='ltr'><strong>calorem</strong></span> <span class='ocrx_word' id='word_1_48' title='bbox 3771 1392 3892 1469; x_wconf 91' lang='lat' dir='ltr'><strong>in-</strong></span> 
     </span>
     <span class='ocr_line' id='line_1_7' title="bbox 1089 1516 3885 1604; baseline 0.001 -4"><span class='ocrx_word' id='word_1_49' title='bbox 1089 1522 1542 1604; x_wconf 85' lang='lat' dir='ltr'><strong>consultum</strong></span> <span class='ocrx_word' id='word_1_50' title='bbox 1577 1524 1817 1601; x_wconf 86' lang='lat' dir='ltr'><strong>unius</strong></span> <span class='ocrx_word' id='word_1_51' title='bbox 1862 1521 2275 1601; x_wconf 84' lang='lat' dir='ltr'><strong>concionis</strong></span> <span class='ocrx_word' id='word_1_52' title='bbox 2316 1516 2747 1600; x_wconf 68' lang='lat' dir='ltr'><strong>indiscrete</strong></span> <span class='ocrx_word' id='word_1_53' title='bbox 2792 1545 2962 1599; x_wconf 85' lang='lat' dir='ltr'><strong>non</strong></span> <span class='ocrx_word' id='word_1_54' title='bbox 2997 1517 3289 1599; x_wconf 88' lang='lat' dir='ltr'><strong>debere</strong></span> <span class='ocrx_word' id='word_1_55' title='bbox 3317 1519 3770 1603; x_wconf 89' lang='lat' dir='ltr'><strong>redundare</strong></span> <span class='ocrx_word' id='word_1_56' title='bbox 3798 1527 3885 1604; x_wconf 90' lang='lat' dir='ltr'><strong>in</strong></span> 
     </span>
     <span class='ocr_line' id='line_1_8' title="bbox 1089 1635 3609 1770; baseline -0.002 -31"><span class='ocrx_word' id='word_1_57' title='bbox 1089 1658 2166 1770; x_wconf 82' lang='lat' dir='ltr'><strong>prejudicinminfinitorum</strong></span> <span class='ocrx_word' id='word_1_58' title='bbox 2204 1657 2485 1739; x_wconf 83' lang='lat' dir='ltr'><strong>melius</strong></span> <span class='ocrx_word' id='word_1_59' title='bbox 2517 1656 3015 1737; x_wconf 78' lang='lat' dir='ltr'><strong>affectorum.</strong></span> <span class='ocrx_word' id='word_1_60' title='bbox 3597 1635 3609 1646; x_wconf 57' lang='grc'><strong>’</strong></span> 
     </span>
    </p>

    <p class='ocr_par' dir='ltr' id='par_1_3' title="bbox 1078 1783 3885 3425">
     <span class='ocr_line' id='line_1_9' title="bbox 1205 1783 3884 1907; baseline 0.002 -31"><span class='ocrx_word' id='word_1_61' title='bbox 1205 1797 1388 1897; x_wconf 88' lang='lat' dir='ltr'><strong>Cui,</strong></span> <span class='ocrx_word' id='word_1_62' title='bbox 1435 1825 1614 1878; x_wconf 90' lang='lat' dir='ltr'><strong>cum</strong></span> <span class='ocrx_word' id='word_1_63' title='bbox 1644 1798 1909 1878; x_wconf 72' lang='lat' dir='ltr'><strong>verbis</strong></span> <span class='ocrx_word' id='word_1_64' title='bbox 1949 1796 2195 1877; x_wconf 88' lang='lat' dir='ltr'><strong>finem</strong></span> <span class='ocrx_word' id='word_1_65' title='bbox 2244 1797 2592 1896; x_wconf 78' lang='lat' dir='ltr'><strong>fecisset,</strong></span> <span class='ocrx_word' id='word_1_66' title='bbox 2626 1794 2790 1876; x_wconf 81' lang='lat' dir='ltr'><strong>dux</strong></span> <span class='ocrx_word' id='word_1_67' title='bbox 2847 1783 3187 1894; x_wconf 76' lang='lat' dir='ltr'><strong>Bituric,</strong></span> <span class='ocrx_word' id='word_1_68' title='bbox 3245 1799 3452 1906; x_wconf 86' lang='lat' dir='ltr'><strong>regis</strong></span> <span class='ocrx_word' id='word_1_69' title='bbox 3510 1816 3884 1907; x_wconf 86' lang='lat' dir='ltr'><strong>patruus,</strong></span> 
     </span>
     <span class='ocr_line' id='line_1_10' title="bbox 1086 1935 3883 2047; baseline 0.001 -31"><span class='ocrx_word' id='word_1_70' title='bbox 1086 1941 1197 2016; x_wconf 86' lang='lat' dir='ltr'><strong>sic</strong></span> <span class='ocrx_word' id='word_1_71' title='bbox 1258 1935 1679 2046; x_wconf 83' lang='lat' dir='ltr'><strong>respondit</strong></span> <span class='ocrx_word' id='word_1_72' title='bbox 1744 1967 1760 2013; x_wconf 90' lang='lat'>:</span> <span class='ocrx_word' id='word_1_73' title='bbox 1833 1970 1871 2011; x_wconf 76' lang='grc' dir='ltr'><em>α</em></span> <span class='ocrx_word' id='word_1_74' title='bbox 1913 1936 2120 2015; x_wconf 82' lang='lat' dir='ltr'><strong>Cum</strong></span> <span class='ocrx_word' id='word_1_75' title='bbox 2175 1953 2446 2015; x_wconf 90' lang='lat' dir='ltr'><strong>sontes</strong></span> <span class='ocrx_word' id='word_1_76' title='bbox 2501 1935 2845 2044; x_wconf 80' lang='lat' dir='ltr'><strong>plectere</strong></span> <span class='ocrx_word' id='word_1_77' title='bbox 2905 1937 3213 2043; x_wconf 87' lang='lat' dir='ltr'><strong>regium</strong></span> <span class='ocrx_word' id='word_1_78' title='bbox 3268 1937 3373 2015; x_wconf 88' lang='lat' dir='ltr'><strong>sit</strong></span> <span class='ocrx_word' id='word_1_79' title='bbox 3428 1954 3509 2016; x_wconf 89' lang='lat' dir='ltr'><strong>et</strong></span> <span class='ocrx_word' id='word_1_80' title='bbox 3565 1938 3883 2047; x_wconf 90' lang='lat' dir='ltr'><strong>publice</strong></span> 
     </span>
     <span class='ocr_line' id='line_1_11' title="bbox 1088 2071 3883 2187; baseline 0.004 -40"><span class='ocrx_word' id='word_1_81' title='bbox 1088 2111 1124 2148; x_wconf 86' lang='lat'>«</span> <span class='ocrx_word' id='word_1_82' title='bbox 1166 2075 1804 2187; x_wconf 87' lang='lat' dir='ltr'><strong>transquillitatis</strong></span> <span class='ocrx_word' id='word_1_83' title='bbox 1858 2102 2291 2171; x_wconf 83' lang='lat' dir='ltr'><strong>eversores,</strong></span> <span class='ocrx_word' id='word_1_84' title='bbox 2351 2092 2430 2153; x_wconf 92' lang='lat' dir='ltr'><strong>et</strong></span> <span class='ocrx_word' id='word_1_85' title='bbox 2478 2075 2594 2154; x_wconf 89' lang='lat' dir='ltr'><strong>ob</strong></span> <span class='ocrx_word' id='word_1_86' title='bbox 2633 2076 2939 2153; x_wconf 82' lang='lat' dir='ltr'><strong>crimen</strong></span> <span class='ocrx_word' id='word_1_87' title='bbox 2984 2071 3445 2154; x_wconf 89' lang='lat' dir='ltr'><strong>rebellionis</strong></span> <span class='ocrx_word' id='word_1_88' title='bbox 3500 2104 3544 2154; x_wconf 97' lang='lat' dir='ltr'><strong>a</strong></span> <span class='ocrx_word' id='word_1_89' title='bbox 3598 2075 3883 2157; x_wconf 85' lang='lat' dir='ltr'><strong>fraude</strong></span> 
     </span>
     <span class='ocr_line' id='line_1_12' title="bbox 1086 2211 3885 2321; baseline 0.003 -35"><span class='ocrx_word' id='word_1_90' title='bbox 1086 2247 1124 2286; x_wconf 74' lang='grc' dir='ltr'>α</span> <span class='ocrx_word' id='word_1_91' title='bbox 1165 2211 1483 2321; x_wconf 85' lang='lat' dir='ltr'><strong>publica</strong></span> <span class='ocrx_word' id='word_1_92' title='bbox 1545 2212 2016 2292; x_wconf 83' lang='lat' dir='ltr'><strong>inchoatum</strong></span> <span class='ocrx_word' id='word_1_93' title='bbox 2075 2237 2357 2292; x_wconf 88' lang='lat' dir='ltr'><strong>omnes</strong></span> <span class='ocrx_word' id='word_1_94' title='bbox 2416 2214 2703 2291; x_wconf 89' lang='lat' dir='ltr'><strong>mortis</strong></span> <span class='ocrx_word' id='word_1_95' title='bbox 2770 2215 3257 2292; x_wconf 83' lang='lat' dir='ltr'><strong>sentenciam</strong></span> <span class='ocrx_word' id='word_1_96' title='bbox 3321 2213 3747 2294; x_wconf 87' lang='lat' dir='ltr'><strong>incurrisse</strong></span> <span class='ocrx_word' id='word_1_97' title='bbox 3800 2233 3885 2294; x_wconf 88' lang='lat' dir='ltr'><strong>et</strong></span> 
     </span>
     <span class='ocr_line' id='line_1_13' title="bbox 1082 2323 3881 2448; baseline 0.003 -24"><span class='ocrx_word' id='word_1_98' title='bbox 1082 2384 1120 2424; x_wconf 75' lang='lat' dir='ltr'><strong>&lt;c</strong></span> <span class='ocrx_word' id='word_1_99' title='bbox 1162 2323 1822 2432; x_wconf 83' lang='lat' dir='ltr'><strong>confiscacionem</strong></span> <span class='ocrx_word' id='word_1_100' title='bbox 1862 2353 2269 2432; x_wconf 90' lang='lat' dir='ltr'><strong>bonorum</strong></span> <span class='ocrx_word' id='word_1_101' title='bbox 2311 2353 2618 2431; x_wconf 89' lang='lat' dir='ltr'><strong>cunctis</strong></span> <span class='ocrx_word' id='word_1_102' title='bbox 2669 2368 3019 2448; x_wconf 88' lang='lat' dir='ltr'><strong>constat,</strong></span> <span class='ocrx_word' id='word_1_103' title='bbox 3056 2352 3207 2430; x_wconf 91' lang='lat' dir='ltr'><strong>scit</strong></span> <span class='ocrx_word' id='word_1_104' title='bbox 3240 2368 3506 2431; x_wconf 90' lang='lat' dir='ltr'><strong>tamen</strong></span> <span class='ocrx_word' id='word_1_105' title='bbox 3540 2381 3687 2431; x_wconf 89' lang='lat' dir='ltr'><strong>nec</strong></span> <span class='ocrx_word' id='word_1_106' title='bbox 3724 2352 3881 2431; x_wconf 89' lang='lat' dir='ltr'><strong>hoc</strong></span> 
     </span>
     <span class='ocr_line' id='line_1_14' title="bbox 1081 2486 3875 2606; baseline 0.004 -45"><span class='ocrx_word' id='word_1_107' title='bbox 1081 2525 1116 2562; x_wconf 83' lang='lat'>«</span> <span class='ocrx_word' id='word_1_108' title='bbox 1163 2493 1483 2598; x_wconf 87' lang='lat' dir='ltr'><strong>ignorat</strong></span> <span class='ocrx_word' id='word_1_109' title='bbox 1536 2486 1912 2570; x_wconf 89' lang='lat' dir='ltr'><strong>dominus</strong></span> <span class='ocrx_word' id='word_1_110' title='bbox 1960 2519 2135 2588; x_wconf 83' lang='lat' dir='ltr'><strong>rex,</strong></span> <span class='ocrx_word' id='word_1_111' title='bbox 2193 2486 2419 2606; x_wconf 85' lang='lat' dir='ltr'><strong>quod</strong></span> <span class='ocrx_word' id='word_1_112' title='bbox 2464 2517 2633 2568; x_wconf 91' lang='lat' dir='ltr'><strong>non</strong></span> <span class='ocrx_word' id='word_1_113' title='bbox 2687 2506 2876 2568; x_wconf 90' lang='lat' dir='ltr'><strong>sunt</strong></span> <span class='ocrx_word' id='word_1_114' title='bbox 2937 2516 3215 2568; x_wconf 89' lang='lat' dir='ltr'><strong>omnes</strong></span> <span class='ocrx_word' id='word_1_115' title='bbox 3269 2491 3875 2570; x_wconf 89' lang='lat' dir='ltr'><strong>commissorum</strong></span> 
     </span>
     <span class='ocr_line' id='line_1_15' title="bbox 1081 2623 3878 2742; baseline 0.004 -45"><span class='ocrx_word' id='word_1_116' title='bbox 1081 2661 1116 2697; x_wconf 86' lang='grc'>«</span> <span class='ocrx_word' id='word_1_117' title='bbox 1160 2628 1276 2708; x_wconf 81' lang='lat' dir='ltr'><strong>rei</strong></span> <span class='ocrx_word' id='word_1_118' title='bbox 1329 2641 1410 2706; x_wconf 87' lang='lat' dir='ltr'><strong>et</strong></span> <span class='ocrx_word' id='word_1_119' title='bbox 1465 2623 1687 2740; x_wconf 87' lang='lat' dir='ltr'><strong>quod</strong></span> <span class='ocrx_word' id='word_1_120' title='bbox 1740 2626 1972 2704; x_wconf 89' lang='lat' dir='ltr'><strong>multi</strong></span> <span class='ocrx_word' id='word_1_121' title='bbox 2033 2645 2223 2705; x_wconf 90' lang='lat' dir='ltr'><strong>sunt</strong></span> <span class='ocrx_word' id='word_1_122' title='bbox 2273 2625 2571 2736; x_wconf 85' lang='lat' dir='ltr'><strong>quibus</strong></span> <span class='ocrx_word' id='word_1_123' title='bbox 2617 2623 3201 2733; x_wconf 90' lang='lat' dir='ltr'><strong>displicuerunt</strong></span> <span class='ocrx_word' id='word_1_124' title='bbox 3249 2625 3540 2705; x_wconf 90' lang='lat' dir='ltr'><strong>scelera</strong></span> <span class='ocrx_word' id='word_1_125' title='bbox 3573 2628 3658 2705; x_wconf 90' lang='lat' dir='ltr'><strong>in</strong></span> <span class='ocrx_word' id='word_1_126' title='bbox 3701 2657 3878 2742; x_wconf 64' lang='lat' dir='ltr'><strong>rna-7</strong></span> 
     </span>
     <span class='ocr_line' id='line_1_16' title="bbox 1079 2758 3874 2871; baseline 0.004 -38"><span class='ocrx_word' id='word_1_127' title='bbox 1079 2797 1117 2833; x_wconf 68' lang='grc' dir='ltr'><strong>ι(</strong></span> <span class='ocrx_word' id='word_1_128' title='bbox 1154 2764 1518 2871; x_wconf 80' lang='lat' dir='ltr'><strong>J‘estatem</strong></span> <span class='ocrx_word' id='word_1_129' title='bbox 1559 2790 1784 2841; x_wconf 86' lang='lat' dir='ltr'><strong>suam</strong></span> <span class='ocrx_word' id='word_1_130' title='bbox 1839 2778 2318 2870; x_wconf 87' lang='lat' dir='ltr'><strong>perpetrata.</strong></span> <span class='ocrx_word' id='word_1_131' title='bbox 2361 2758 2596 2839; x_wconf 91' lang='lat' dir='ltr'><strong>Unde</strong></span> <span class='ocrx_word' id='word_1_132' title='bbox 2634 2760 3175 2868; x_wconf 90' lang='lat' dir='ltr'><strong>malignorum</strong></span> <span class='ocrx_word' id='word_1_133' title='bbox 3232 2765 3535 2842; x_wconf 88' lang='lat' dir='ltr'><strong>crimen</strong></span> <span class='ocrx_word' id='word_1_134' title='bbox 3591 2765 3874 2844; x_wconf 83' lang='lat' dir='ltr'><strong>nolens</strong></span> 
     </span>
     <span class='ocr_line' id='line_1_17' title="bbox 1078 2896 3878 3009; baseline 0.003 -37"><span class='ocrx_word' id='word_1_135' title='bbox 1078 2935 1116 2972; x_wconf 86' lang='lat'>«</span> <span class='ocrx_word' id='word_1_136' title='bbox 1160 2902 1246 2981; x_wconf 87' lang='lat' dir='ltr'><strong>in</strong></span> <span class='ocrx_word' id='word_1_137' title='bbox 1293 2925 1569 2981; x_wconf 88' lang='lat' dir='ltr'><strong>omnes</strong></span> <span class='ocrx_word' id='word_1_138' title='bbox 1634 2896 2094 2996; x_wconf 83' lang='lat' dir='ltr'><strong>refundere,</strong></span> <span class='ocrx_word' id='word_1_139' title='bbox 2176 2925 2278 2978; x_wconf 91' lang='lat' dir='ltr'><strong>ne</strong></span> <span class='ocrx_word' id='word_1_140' title='bbox 2339 2898 2644 3006; x_wconf 85' lang='lat' dir='ltr'><strong>justum</strong></span> <span class='ocrx_word' id='word_1_141' title='bbox 2709 2896 3059 2978; x_wconf 89' lang='lat' dir='ltr'><strong>involvat</strong></span> <span class='ocrx_word' id='word_1_142' title='bbox 3119 2905 3302 2978; x_wconf 81' lang='lat' dir='ltr'><strong>c‘um</strong></span> <span class='ocrx_word' id='word_1_143' title='bbox 3379 2900 3631 3009; x_wconf 92' lang='lat' dir='ltr'><strong>impio</strong></span> <span class='ocrx_word' id='word_1_144' title='bbox 3654 2963 3672 2998; x_wconf 91' lang='lat'><strong>,</strong></span> <span class='ocrx_word' id='word_1_145' title='bbox 3743 2898 3878 2982; x_wconf 90' lang='lat' dir='ltr'><strong>de-</strong></span> 
     </span>
     <span class='ocr_line' id='line_1_18' title="bbox 1078 3033 3873 3150; baseline 0.003 -37"><span class='ocrx_word' id='word_1_146' title='bbox 1078 3075 1114 3113; x_wconf 75' lang='lat'>«</span> <span class='ocrx_word' id='word_1_147' title='bbox 1158 3043 1407 3123; x_wconf 88' lang='lat' dir='ltr'><strong>crevit</strong></span> <span class='ocrx_word' id='word_1_148' title='bbox 1460 3041 1576 3117; x_wconf 88' lang='lat' dir='ltr'><strong>ire</strong></span> <span class='ocrx_word' id='word_1_149' title='bbox 1628 3066 1764 3119; x_wconf 90' lang='lat' dir='ltr'><strong>sue</strong></span> <span class='ocrx_word' id='word_1_150' title='bbox 1795 3034 2128 3117; x_wconf 89' lang='lat' dir='ltr'><strong>modum</strong></span> <span class='ocrx_word' id='word_1_151' title='bbox 2177 3039 2633 3146; x_wconf 87' lang='lat' dir='ltr'><strong>imponere,</strong></span> <span class='ocrx_word' id='word_1_152' title='bbox 2669 3055 2750 3116; x_wconf 87' lang='lat' dir='ltr'><strong>et</strong></span> <span class='ocrx_word' id='word_1_153' title='bbox 2778 3033 3202 3145; x_wconf 87' lang='lat' dir='ltr'><strong>perfidiam</strong></span> <span class='ocrx_word' id='word_1_154' title='bbox 3243 3039 3329 3115; x_wconf 90' lang='lat' dir='ltr'><strong>in</strong></span> <span class='ocrx_word' id='word_1_155' title='bbox 3378 3039 3873 3150; x_wconf 82' lang='lat' dir='ltr'><strong>principales</strong></span> 
     </span>
     <span class='ocr_line' id='line_1_19' title="bbox 1078 3172 3870 3287; baseline 0.003 -37"><span class='ocrx_word' id='word_1_156' title='bbox 1078 3213 1115 3251; x_wconf 86' lang='lat'>«</span> <span class='ocrx_word' id='word_1_157' title='bbox 1156 3196 1517 3259; x_wconf 67' lang='lat' dir='ltr'><strong>auctoroe</strong></span> <span class='ocrx_word' id='word_1_158' title='bbox 1577 3176 1846 3257; x_wconf 89' lang='lat' dir='ltr'><strong>ulcisci</strong></span> <span class='ocrx_word' id='word_1_159' title='bbox 1911 3193 2213 3287; x_wconf 84' lang='lat' dir='ltr'><strong>quanto</strong></span> <span class='ocrx_word' id='word_1_160' title='bbox 2275 3176 2417 3286; x_wconf 88' lang='lat' dir='ltr'><strong>qui</strong></span> <span class='ocrx_word' id='word_1_161' title='bbox 2482 3173 2908 3255; x_wconf 87' lang='lat' dir='ltr'><strong>humanius</strong></span> <span class='ocrx_word' id='word_1_162' title='bbox 2929 3237 2948 3273; x_wconf 90' lang='lat'><strong>,</strong></span> <span class='ocrx_word' id='word_1_163' title='bbox 3025 3192 3117 3255; x_wconf 89' lang='lat' dir='ltr'><strong>ut</strong></span> <span class='ocrx_word' id='word_1_164' title='bbox 3179 3172 3466 3256; x_wconf 88' lang='lat' dir='ltr'><strong>cedent</strong></span> <span class='ocrx_word' id='word_1_165' title='bbox 3535 3178 3710 3259; x_wconf 90' lang='lat' dir='ltr'><strong>aliis</strong></span> <span class='ocrx_word' id='word_1_166' title='bbox 3783 3182 3870 3258; x_wconf 92' lang='lat' dir='ltr'><strong>in</strong></span> 
     </span>
     <span class='ocr_line' id='line_1_20' title="bbox 1078 3312 1699 3425; baseline -0.01 -31"><span class='ocrx_word' id='word_1_167' title='bbox 1078 3348 1115 3387; x_wconf 70' lang='lat' dir='ltr'>a</span> <span class='ocrx_word' id='word_1_168' title='bbox 1148 3312 1621 3425; x_wconf 84' lang='lat' dir='ltr'><strong>exemplum.</strong></span> <span class='ocrx_word' id='word_1_169' title='bbox 1660 3350 1699 3389; x_wconf 68' lang='lat'><strong>³)</strong></span> 
     </span>
    </p>

    <p class='ocr_par' dir='ltr' id='par_1_4' title="bbox 1065 3450 3873 4665">
     <span class='ocr_line' id='line_1_21' title="bbox 1186 3450 3873 3569; baseline 0.001 -39"><span class='ocrx_word' id='word_1_170' title='bbox 1186 3453 1539 3533; x_wconf 83' lang='lat' dir='ltr'><strong>Diversis</strong></span> <span class='ocrx_word' id='word_1_171' title='bbox 1571 3450 1761 3533; x_wconf 88' lang='lat' dir='ltr'><strong>inde</strong></span> <span class='ocrx_word' id='word_1_172' title='bbox 1796 3451 2080 3537; x_wconf 86' lang='lat' dir='ltr'><strong>diebus</strong></span> <span class='ocrx_word' id='word_1_173' title='bbox 2098 3452 2443 3534; x_wconf 89' lang='lat' dir='ltr'><strong>duarum</strong></span> <span class='ocrx_word' id='word_1_174' title='bbox 2468 3450 3103 3537; x_wconf 85' lang='lat' dir='ltr'><strong>ebdomadarum</strong></span> <span class='ocrx_word' id='word_1_175' title='bbox 3133 3459 3646 3569; x_wconf 81' lang='lat' dir='ltr'><strong>sequencium</strong></span> <span class='ocrx_word' id='word_1_176' title='bbox 3682 3454 3873 3535; x_wconf 88' lang='lat' dir='ltr'><strong>mul-</strong></span> 
     </span>
     <span class='ocr_line' id='line_1_22' title="bbox 1073 3590 3867 3704; baseline 0.001 -35"><span class='ocrx_word' id='word_1_177' title='bbox 1073 3593 1131 3669; x_wconf 92' lang='lat' dir='ltr'><strong>ti</strong></span> <span class='ocrx_word' id='word_1_178' title='bbox 1165 3590 1590 3703; x_wconf 88' lang='lat' dir='ltr'><strong>complices</strong></span> <span class='ocrx_word' id='word_1_179' title='bbox 1630 3591 2011 3675; x_wconf 86' lang='lat' dir='ltr'><strong>scelerum</strong></span> <span class='ocrx_word' id='word_1_180' title='bbox 2031 3655 2050 3689; x_wconf 92' lang='lat'><strong>,</strong></span> <span class='ocrx_word' id='word_1_181' title='bbox 2094 3594 2508 3702; x_wconf 90' lang='lat' dir='ltr'><strong>preposito</strong></span> <span class='ocrx_word' id='word_1_182' title='bbox 2546 3593 2974 3674; x_wconf 89' lang='lat' dir='ltr'><strong>Parisiensi</strong></span> <span class='ocrx_word' id='word_1_183' title='bbox 3045 3596 3130 3673; x_wconf 89' lang='lat' dir='ltr'><strong>in</strong></span> <span class='ocrx_word' id='word_1_184' title='bbox 3187 3622 3323 3673; x_wconf 89' lang='lat' dir='ltr'><strong>eos</strong></span> <span class='ocrx_word' id='word_1_185' title='bbox 3385 3594 3867 3704; x_wconf 89' lang='lat' dir='ltr'><strong>supplicium</strong></span> 
     </span>
     <span class='ocr_line' id='line_1_23' title="bbox 1072 3716 3868 3843; baseline 0.002 -38"><span class='ocrx_word' id='word_1_186' title='bbox 1072 3724 1584 3825; x_wconf 81' lang='lat' dir='ltr'><strong>decernente,</strong></span> <span class='ocrx_word' id='word_1_187' title='bbox 1634 3725 2172 3827; x_wconf 90' lang='lat' dir='ltr'><strong>decollantur;</strong></span> <span class='ocrx_word' id='word_1_188' title='bbox 2217 3733 2429 3811; x_wconf 88' lang='lat' dir='ltr'><strong>inter</strong></span> <span class='ocrx_word' id='word_1_189' title='bbox 2467 3716 2671 3842; x_wconf 80' lang='lat' dir='ltr'><strong>q&#39;uos</strong></span> <span class='ocrx_word' id='word_1_190' title='bbox 2704 3731 3033 3843; x_wconf 88' lang='lat' dir='ltr'><strong>quidam</strong></span> <span class='ocrx_word' id='word_1_191' title='bbox 3061 3756 3349 3838; x_wconf 85' lang='lat' dir='ltr'><strong>magne</strong></span> <span class='ocrx_word' id='word_1_192' title='bbox 3398 3732 3868 3841; x_wconf 88' lang='lat' dir='ltr'><strong>oppinionis</strong></span> 
     </span>
     <span class='ocr_line' id='line_1_24' title="bbox 1070 3862 3866 3979; baseline 0.002 -36"><span class='ocrx_word' id='word_1_193' title='bbox 1070 3865 1262 3947; x_wconf 78' lang='lat' dir='ltr'><strong>civis</strong></span> <span class='ocrx_word' id='word_1_194' title='bbox 1291 3862 1502 3975; x_wconf 88' lang='lat' dir='ltr'><strong>apud</strong></span> <span class='ocrx_word' id='word_1_195' title='bbox 1542 3883 1855 3964; x_wconf 83' lang='lat' dir='ltr'><strong>omnes,</strong></span> <span class='ocrx_word' id='word_1_196' title='bbox 1894 3868 2329 3951; x_wconf 86' lang='lat' dir='ltr'><strong>Nicholaus</strong></span> <span class='ocrx_word' id='word_1_197' title='bbox 2358 3868 2842 3977; x_wconf 88' lang='lat' dir='ltr'><strong>Flammingi</strong></span> <span class='ocrx_word' id='word_1_198' title='bbox 2875 3869 3368 3965; x_wconf 78' lang='lat' dir='ltr'><strong>nominatuS,</strong></span> <span class='ocrx_word' id='word_1_199' title='bbox 3392 3870 3532 3979; x_wconf 85' lang='lat' dir='ltr'><strong>qui</strong></span> <span class='ocrx_word' id='word_1_200' title='bbox 3558 3866 3866 3948; x_wconf 90' lang='lat' dir='ltr'><strong>dudum</strong></span> 
     </span>
     <span class='ocr_line' id='line_1_25' title="bbox 1071 3980 3864 4109; baseline 0.002 -30"><span class='ocrx_word' id='word_1_201' title='bbox 1071 4019 1431 4109; x_wconf 91' lang='lat' dir='ltr'><strong>tempore</strong></span> <span class='ocrx_word' id='word_1_202' title='bbox 1466 4004 1675 4109; x_wconf 75' lang='lat' dir='ltr'><strong>regis</strong></span> <span class='ocrx_word' id='word_1_203' title='bbox 1708 4002 2135 4104; x_wconf 84' lang='lat' dir='ltr'><strong>Johannis,</strong></span> <span class='ocrx_word' id='word_1_204' title='bbox 2173 4024 2265 4085; x_wconf 91' lang='lat' dir='ltr'><strong>ut</strong></span> <span class='ocrx_word' id='word_1_205' title='bbox 2297 4004 2605 4089; x_wconf 81' lang='lat' dir='ltr'><strong>dictum</strong></span> <span class='ocrx_word' id='word_1_206' title='bbox 2644 4025 2763 4086; x_wconf 88' lang='lat' dir='ltr'><strong>est</strong></span> <span class='ocrx_word' id='word_1_207' title='bbox 2804 4034 2951 4087; x_wconf 82' lang='lat' dir='ltr'><strong>suo</strong></span> <span class='ocrx_word' id='word_1_208' title='bbox 2985 4006 3162 4086; x_wconf 88' lang='lat' dir='ltr'><strong>loco</strong></span> <span class='ocrx_word' id='word_1_209' title='bbox 3183 4066 3202 4102; x_wconf 89' lang='lat'><strong>,</strong></span> <span class='ocrx_word' id='word_1_210' title='bbox 3245 3980 3717 4084; x_wconf 68' lang='lat' dir='ltr'><strong>interfuerat</strong></span> <span class='ocrx_word' id='word_1_211' title='bbox 3762 4004 3864 4084; x_wconf 88' lang='lat' dir='ltr'><strong>ad</strong></span> 
     </span>
     <span class='ocr_line' id='line_1_26' title="bbox 1067 4138 3856 4253; baseline 0.002 -37"><span class='ocrx_word' id='word_1_212' title='bbox 1067 4138 1612 4221; x_wconf 80' lang='lat' dir='ltr'><strong>marescallum</strong></span> <span class='ocrx_word' id='word_1_213' title='bbox 1680 4138 1993 4227; x_wconf 87' lang='lat' dir='ltr'><strong>domini</strong></span> <span class='ocrx_word' id='word_1_214' title='bbox 2049 4143 2332 4222; x_wconf 90' lang='lat' dir='ltr'><strong>Karoli</strong></span> <span class='ocrx_word' id='word_1_215' title='bbox 2404 4142 2547 4223; x_wconf 90' lang='lat' dir='ltr'><strong>filii</strong></span> <span class='ocrx_word' id='word_1_216' title='bbox 2615 4144 2736 4224; x_wconf 88' lang='lat' dir='ltr'><strong>sui</strong></span> <span class='ocrx_word' id='word_1_217' title='bbox 2795 4142 3317 4253; x_wconf 87' lang='lat' dir='ltr'><strong>primogeniti</strong></span> <span class='ocrx_word' id='word_1_218' title='bbox 3382 4140 3856 4225; x_wconf 85' lang='lat' dir='ltr'><strong>necandum.</strong></span> 
     </span>
     <span class='ocr_line' id='line_1_27' title="bbox 1071 4273 3861 4394; baseline 0.003 -39"><span class='ocrx_word' id='word_1_219' title='bbox 1071 4276 1258 4376; x_wconf 80' lang='lat' dir='ltr'><strong>Quo</strong></span> <span class='ocrx_word' id='word_1_220' title='bbox 1298 4273 1608 4377; x_wconf 71' lang='lat' dir='ltr'><strong>audito,</strong></span> <span class='ocrx_word' id='word_1_221' title='bbox 1659 4277 1822 4360; x_wconf 90' lang='lat' dir='ltr'><strong>duo</strong></span> <span class='ocrx_word' id='word_1_222' title='bbox 1856 4309 1951 4361; x_wconf 88' lang='lat' dir='ltr'><strong>ex</strong></span> <span class='ocrx_word' id='word_1_223' title='bbox 1997 4284 2508 4362; x_wconf 87' lang='lat' dir='ltr'><strong>incarceratis</strong></span> <span class='ocrx_word' id='word_1_224' title='bbox 2525 4345 2544 4381; x_wconf 82' lang='lat'><strong>,</strong></span> <span class='ocrx_word' id='word_1_225' title='bbox 2577 4311 2744 4363; x_wconf 89' lang='lat' dir='ltr'><strong>non</strong></span> <span class='ocrx_word' id='word_1_226' title='bbox 2789 4280 3006 4365; x_wconf 80' lang='lat' dir='ltr'><strong>haud</strong></span> <span class='ocrx_word' id='word_1_227' title='bbox 3042 4310 3288 4394; x_wconf 86' lang='lat' dir='ltr'><strong>quam</strong></span> <span class='ocrx_word' id='word_1_228' title='bbox 3320 4281 3700 4392; x_wconf 85' lang='lat' dir='ltr'><strong>pestifero</strong></span> <span class='ocrx_word' id='word_1_229' title='bbox 3738 4311 3861 4388; x_wconf 89' lang='lat' dir='ltr'><strong>sy-</strong></span> 
     </span>
     <span class='ocr_line' id='line_1_28' title="bbox 1067 4414 3855 4531; baseline 0.002 -36"><span class='ocrx_word' id='word_1_230' title='bbox 1067 4414 1257 4498; x_wconf 86' lang='lat' dir='ltr'><strong>dere</strong></span> <span class='ocrx_word' id='word_1_231' title='bbox 1291 4446 1482 4499; x_wconf 83' lang='lat' dir='ltr'><strong>mox</strong></span> <span class='ocrx_word' id='word_1_232' title='bbox 1520 4418 1864 4501; x_wconf 82' lang='lat' dir='ltr'><strong>feriendi</strong></span> <span class='ocrx_word' id='word_1_233' title='bbox 1898 4441 2304 4530; x_wconf 89' lang='lat' dir='ltr'><strong>paventes,</strong></span> <span class='ocrx_word' id='word_1_234' title='bbox 2361 4437 2621 4502; x_wconf 91' lang='lat' dir='ltr'><strong>morte</strong></span> <span class='ocrx_word' id='word_1_235' title='bbox 2659 4422 3109 4503; x_wconf 89' lang='lat' dir='ltr'><strong>voluntaria</strong></span> <span class='ocrx_word' id='word_1_236' title='bbox 3155 4424 3594 4531; x_wconf 84' lang='lat' dir='ltr'><strong>ignominie</strong></span> <span class='ocrx_word' id='word_1_237' title='bbox 3631 4449 3712 4501; x_wconf 91' lang='lat' dir='ltr'><strong>se</strong></span> <span class='ocrx_word' id='word_1_238' title='bbox 3764 4450 3855 4501; x_wconf 85' lang='lat' dir='ltr'><strong>ac</strong></span> 
     </span>
     <span class='ocr_line' id='line_1_29' title="bbox 1065 4546 2717 4665; baseline 0.004 -31"><span class='ocrx_word' id='word_1_239' title='bbox 1065 4555 1460 4665; x_wconf 86' lang='lat' dir='ltr'><strong>supplicio</strong></span> <span class='ocrx_word' id='word_1_240' title='bbox 1493 4558 2088 4639; x_wconf 83' lang='lat' dir='ltr'><strong>subtraxerunt.</strong></span> <span class='ocrx_word' id='word_1_241' title='bbox 2710 4546 2717 4553; x_wconf 36' lang='lat'>⁸</span> 
     </span>
    </p>
   </div>
   <div class='ocr_carea' id='block_1_3' title="bbox 1138 4784 2653 4943">
    <p class='ocr_par' dir='ltr' id='par_1_5' title="bbox 1138 4784 2653 4943">
     <span class='ocr_line' id='line_1_30' title="bbox 2604 4784 2627 4811; baseline 0 0"><span class='ocrx_word' id='word_1_242' title='bbox 2604 4784 2627 4811; x_wconf 46' lang='grc' dir='ltr'>κ</span> 
     </span>
     <span class='ocr_line' id='line_1_31' title="bbox 1138 4814 2653 4943; baseline 0.001 -22"><span class='ocrx_word' id='word_1_243' title='bbox 1138 4872 1151 4894; x_wconf 90' lang='lat'><em>¹</em></span> <span class='ocrx_word' id='word_1_244' title='bbox 1200 4865 1339 4925; x_wconf 82' lang='lat' dir='ltr'><strong>Var.</strong></span> <span class='ocrx_word' id='word_1_245' title='bbox 1368 4874 1468 4923; x_wconf 66' lang='grc' dir='ltr'><strong>ιιι·</strong></span> <span class='ocrx_word' id='word_1_246' title='bbox 1492 4861 1652 4943; x_wconf 76' lang='grc'><strong>5960,</strong></span> <span class='ocrx_word' id='word_1_247' title='bbox 1681 4864 1779 4923; x_wconf 79' lang='lat' dir='ltr'><strong>sol.</strong></span> <span class='ocrx_word' id='word_1_248' title='bbox 1805 4862 1869 4925; x_wconf 82' lang='lat'><strong>51</strong></span> <span class='ocrx_word' id='word_1_249' title='bbox 1900 4884 1969 4937; x_wconf 71' lang='lat' dir='ltr'><strong>v„</strong></span> <span class='ocrx_word' id='word_1_250' title='bbox 1998 4867 2372 4929; x_wconf 68' lang='lat' dir='ltr'><strong>clemenciam.</strong></span> <span class='ocrx_word' id='word_1_251' title='bbox 2626 4814 2653 4903; x_wconf 40' lang='lat' dir='ltr'><strong>x)</strong></span> 
     </span>
    </p>
   </div>
  </div>
 </body>
</html>
