4666 6014
1072 650 1214 720 ⁴60
1541 643 2226 719 cHRON1c0RUM
2278 642 2636 737 KAnom
2685 645 2969 721 sEx'rl
3019 648 3196 722 Lm.
3251 630 3416 722 111.'

1061 795 1231 874 mili
1273 822 1596 906 quoque
1632 791 2434 874 recommandacione
2472 814 3032 904 prevenerunt.
3080 795 3425 879 Inde-ad
3457 799 3865 878 ecclesiam

1059 933 1275 1011 beati
1320 930 1692 1039 Dyonisii
1737 933 2139 1011 oracionis
2195 961 2429 1012 causa
2488 934 2960 1042 perveniens
2990 997 3009 1033 ‚
3059 963 3240 1014 cum
3292 954 3477 1016 ante
3519 937 3863 1044 pignora

1056 1071 1481 1148 martirum
1541 1086 2041 1147 sacrosancta
2097 1096 2374 1178 preces
2430 1067 2756 1151 devotas
2824 1071 3185 1152 solvisset
3204 1135 3224 1172 ,
3277 1100 3512 1153 orare
3566 1100 3722 1182 pro
3780 1050 3902 1153 se‘

1057 1207 1379 1315 suisque
1422 1204 1795 1285 abbatem
1847 1234 1939 1285 ac
1989 1184 2407 1314 religiosos
2445 1207 2858 1289 humiliter
2912 1206 3380 1319 postulavit,
3435 1227 3513 1290 et
3552 1212 3664 1290 sic
3710 1213 3862 1291 iter

1056 1344 1440 1450 arripuit,
1485 1343 1824 1427 Francie
1854 1342 2270 1426 valedicto,
3523 1350 3530 1359 ’

1170 1482 1268 1562 In
1312 1480 1665 1563 adventu
1695 1511 1886 1577 vero
1928 1485 2098 1595 ejus
2145 1513 2355 1595 papa
2400 1484 2762 1567 Clemens
2807 1486 3242 1596 plurimum
3282 1484 3775 1603 adhilaratur
3803 1490 3859 1584 ¹,

1055 1637 1135 1698 et
1195 1616 1752 1699 advenientem
1807 1649 1990 1700 cum
2053 1609 2481 1732 multiplici
2535 1621 2974 1733 disponens
3032 1624 3346 1705 honore
3406 1628 3822 1735 prevenire
3840 1689 3860 1724 ,

1056 1757 1321 1863 primo
1365 1756 1742 1837 officiales
1784 1760 1986 1837 sacri
2024 1758 2311 1868 palacii
2363 1761 2436 1838 ei
2485 1757 2765 1869 dirigit
2816 1761 2904 1840 in
2958 1790 3418 1860 occursum3
3468 1748 3658 1842 inde
3704 1763 3859 1843 sibi

1053 1872 1742 2007 appropinquanti
1810 1893 2124 1975 domini
2191 1893 2634 1976 cardinales
2693 1896 3017 1977 obviam
3077 1902 3606 2007 perrexerunt
3627 1960 3646 1998 ,
3717 1901 3859 2011 qui

1052 2028 1420 2110 eumdem
1469 2031 1741 2113 multis
1775 2049 1941 2113 tam
1967 2061 2299 2113 suorum
2342 2061 2582 2145 quam
2626 2034 3165 2140 palatinorum
3206 2035 3587 2143 stipatum
3632 2033 3858 2116 ordi-

1051 2167 1292 2247 nibus
1323 2196 1575 2281 usque
1616 2167 1718 2253 ad
1756 2167 2178 2250 dominum
2210 2200 2506 2281 papam
2540 2170 2962 2279 magnifice
2995 2169 3527 2253 deduxerunt.
3568 2173 3717 2253 Cui
3758 2202 3854 2253 ex

1049 2301 1235 2383 sede
1253 2305 1691 2419 apostolica
1716 2335 2135 2416 assurgens
2153 2307 2690 2409 familiariter,
2704 2325 2785 2389 et
2809 2312 3030 2418 pacis
3056 2310 3414 2399 osculum
3433 2308 3857 2425 debiteque

1048 2439 1561 2522 salutacionis
1593 2442 1930 2523 affatum
1958 2472 2140 2524 cum
2168 2445 2421 2524 multa
2453 2445 2950 2526 humanitate
2990 2444 3449 2555 dependens
3468 2509 3487 2545 ‚
3531 2445 3723 2527 inde
3756 2447 3867 2554 de·

1048 2577 1298 2657 salute
1327 2580 1499 2689 ejus
1541 2599 1622 2659 et
1654 2609 1988 2699 suorum
2019 2608 2363 2695 querens
2387 2580 2878 2692 'diligencius
2897 2646 2916 2684 ‚
2950 2585 3201 2693 verbo
3240 2603 3321 2666 et
3356 2585 3580 2667 vultu
3613 2589 3857 2696 signi-

1048 2714 1235 2795 ficat
1275 2744 1454 2794 cum
1489 2717 1739 2797 multa
1788 2719 2081 2798 mentis
2138 2710 2565 2827 hylaritate
2617 2748 2852 2800 suum
2890 2723 3330 2830 suscepisse
3382 2720 3849 2821 adventum,

1045 2852 1361 2966 sibique
1404 2872 1485 2934 et
1523 2853 2054 2937 familiaribus
2094 2854 2535 2941 diversoria
2584 2859 3129 2969 infra-palacii
3169 2859 3559 2941 ambitum
3593 2863 3852 2971 aptari

1044 3007 1123 3071 et
1156 2995 1570 3102 preparari
1616 2991 2045 3099 mandavit.
2096 2992 2298 3076 Inde
2332 2996 2641 3076 vicibus
2687 2997 3048 3107 repetitis
3095 2999 3521 3079 interiores
3565 2998 3852 3106 palacii

1045 3148 1312 3238 partes
1343 3192 1361 3229 ‚
1404 3149 1485 3211 et
1523 3132 1962 3240 penetralia
2009 3135 2342 3214 nonnisi
2397 3132 2857 3217 domesticis
2905 3138 3218 3246 pervia,
3276 3135 3479 3218 lares
3530 3165 3853 3248 quoque

1043 3268 1616 3348 secrecioribus
1655 3269 1933 3349 usibus
1975 3267 2388 3351 dedicatos
2405 3333 2423 3370 ,
2467 3270 2881 3351 thesauros
2919 3289 2999 3352 et
3038 3271 3596 3354 universorum
3639 3271 3849 3354 desi-

1043 3404 1526 3488 derabilium
1566 3408 2105 3528 reposiciones
2136 3408 2293 3487 sibi
2322 3410 2707 3489 reseravit
2728 3472 2748 3512 ,
2790 3426 2884 3489 ut
2912 3407 3099 3490 inde
3137 3413 3402 3492 vacuis
3441 3440 3610 3492 non
3641 3441 3850 3493 rece-

1041 3542 1268 3624 deret
1298 3544 1697 3625 manibus.
1788 3573 1794 3578 ·

1062 3785 1067 3794 ,
1158 3705 1360 3786 Cum
1419 3734 1515 3786 eo
1566 3734 1890 3819 quoque
1943 3708 2242 3790 habitis
2293 3709 2758 3822 frequenter
2777 3773 2797 3810 ,
2856 3728 3029 3791 tum
3074 3738 3435 3792 seorsum
3457 3771 3477 3809 ,
3531 3728 3704 3790 tum
3760 3713 3845 3790 in

1042 3861 1220 3923 cetu
1277 3842 1839 3945 cardinalium,
1889 3845 2414 3926 familiaribus
2464 3847 2919 3960 colloquiis,
2978 3844 3312 3927 tandem
3361 3830 3444 3926 in
3496 3847 3846 3954 generali

1041 3981 1526 4068 consistorio
1566 3985 2062 4065 evocacionis
2112 3986 2282 4095 ejus
2312 4013 2628 4065 causam
2659 4002 2741 4065 et
2781 3985 3125 4066 Ecclesie
3163 3984 3664 4076 necessitates
3698 4011 3842 4064 ex·-

1039 4147 1353 4229 ponens
1373 4183 1393 4221 ,
1448 4124 1713 4229 ipsum
1759 4124 2238 4204 auctoritate
2272 4124 2618 4205 Ecclesie
2650 4124 2918 4203 Sicilie
2963 4151 3232 4234 regem
3279 4123 3629 4202 instituit
3652 4185 3671 4219 ,
3715 4123 3843 4234 j'u-

1041 4257 1266 4338 ribus
1311 4277 1392 4337 et
1436 4261 1953 4380 pertinenciis
1992 4263 2222 4371 regni
2257 4261 2579 4371 publice
2624 4241 3060 4387 investivit,
3105 4257 3328 4372 quod
3368 4287 3645 4340 omnes
3680 4289 3845 4340 car-

1039 4394 1345 4486 dinales
1368 4416 1779 4507 presentes
1804 4400 2484 4510 approbaverunt.
2511 4399 2992 4479 Luculenter
3021 4399 3273 4480 eciam
3300 4417 3380 4478 et
3411 4396 3837 4508 proffinde,

1036 4563 1260 4618 more
1288 4564 1460 4635 su0,
1482 4536 2107 4646 prolonguando
2141 4565 2590 4619 sermonem
2610 4600 2630 4638 ,
2673 4535 3025 4618 ostendit
3054 4535 3276 4649 quod
3312 4539 3484 4648 ipse
3516 4566 3683 4618 non
3717 4564 3842 4628 so*

1035 4674 1198 4753 lum
1231 4675 1763 4756 vetustissima
1795 4693 2034 4789 atque
2071 4675 2574 4758 nobilissima
2609 4674 2750 4758 sed
2787 4676 3033 4758 eciam
3071 4676 3728 4774 christianissima
3759 4692 3840 4758 et

1104 4870 1121 4896 ³
1170 4859 1313 4915 Var.
1350 4885 1365 4912 .-
1394 4870 1457 4915 n⁰
1481 4855 1652 4934 5960,
1685 4857 1783 4915 fol.
1816 4856 1885 4928 43
1909 4879 1984 4930 v.,
2011 4860 2392 4917 exhilaratur.
