4666 6014
1157 700 1249 769 96
1656 691 2337 767 CHRONIGORUM
2385 690 2740 765 KAROLI
2789 692 3074 767 SEXTI
3113 695 3290 767 LIB.
3345 693 3437 766 11.

1155 874 1349 924 num
1378 861 1836 955 sequentem
1859 843 2307 922 observavit
2326 844 2382 921 ¹.
2410 834 2755 921 Tamdiu
2777 840 3378 949 expedicionem
3409 840 3767 921 bellicam
3799 868 3938 922 rex

1010 976 1017 983 ’
1151 977 1680 1060 differendam
1709 981 1986 1058 statuit
2007 1040 2024 1075 ,
2059 996 2138 1058 et
2171 981 2548 1088 precipue
2583 981 2969 1058 instinctu
3009 977 3231 1058 ducis
3271 976 3761 1087 Burgundie,
3797 982 3937 1089 qui

1150 1118 1305 1196 sibi
1348 1120 1736 1195 instanter
1770 1113 2299 1222 persuadebat
2330 1135 2421 1194 ut
2444 1178 2463 1213 ,
2497 1115 2599 1196 ad
2636 1133 2946 1224 tempus
2976 1114 3300 1195 dimissa
3337 1117 3767 1226 Aquitania
3795 1177 3814 1211 ,
3859 1133 3940 1193 et
3996 1144 3999 1149 ·

1148 1282 1618 1362 guerrarum
1674 1254 2039 1362 procellis
2098 1242 2619 1335 vicinioribus
2670 1282 3133 1334 succurrens
3154 1315 3171 1350 ,
3208 1253 3479 1332 comiti
3520 1249 3895 1330 Flandrie
3916 1312 3935 1348 ,

1147 1391 1372 1499 cujus
1406 1390 1650 1469 filiam
1681 1366 2019 1469 ultorem
2051 1388 2389 1470 duxerat
2415 1453 2432 1487 ,
2469 1418 2708 1498 opem
2736 1389 3015 1487 ferret,
3053 1391 3193 1500 qui
3228 1385 3938 1485 aFlandrensibus

1145 1525 1784 1606 intollerabiliter
1816 1527 2352 1636 premebatur.

1258 1666 1443 1741 Dux
1478 1692 1664 1742 vero
1697 1663 1997 1743 Biturie
2023 1727 2041 1762 ,
2080 1666 2515 1774 juramenti
2546 1692 2714 1743 non
2749 1666 3203 1758 immemor,
3247 1688 3428 1739 cum
3466 1662 3754 1738 comite
3792 1662 3938 1737 Ar-

1143 1802 1515 1896 meniaci,
1548 1800 1773 1909 cujus
1815 1802 2077 1878 sorori
2119 1818 2539 1909 nupserat,
2583 1799 3013 1879 electorum
3058 1798 3531 1877 bellatorum
3576 1798 3939 1903 ingentes

1142 1938 1410 2042 copias
1441 1938 1648 2012 circa
1681 1937 2174 2044 principium
2205 1936 2417 2044 junii
2466 1962 2738 2015 secum·
2777 1938 2864 2016 in
2894 1935 3406 2047 Aquitaniam
3449 1933 3731 2029 traxit3
3781 1959 3939 2043 que

1144 2075 1388 2150 trium
1426 2072 1822 2150 mensium
1857 2074 2129 2179 spacio
2170 2099 2315 2180 per
2367 2074 2714 2180 patriam
2745 2068 3195 2179 ,grassando
3243 2068 3657 2148 hostiliter*
3681 2069 3929 2147 sevie-

1142 2226 1368 2303 runt,
1401 2205 1799 2318 quidquid
1832 2208 2083 2287 hostis
2117 2209 2202 2285 in
2244 2207 2557 2287 hostem
2582 2209 2995 2287 consuevit
3024 2222 3509 2300 exercentes,
3545 2201 3935 2283 duntaxat

1140 2342 1466 2423 cedibus
1497 2360 1578 2421 et
1616 2340 2008 2422 incendiis
2043 2344 2425 2451 exceptis,
2472 2343 2756 2422 Tantis
2796 2341 3391 2451 gravaminibus
3424 2339 3681 2417 incole
3726 2354 3934 2416 atte-

1138 2475 1334 2556 diati
1358 2540 1376 2573 ,
1434 2480 1806 2556 comitem
1855 2479 2059 2557 Fuxi
2124 2477 2425 2558 adeunt
2443 2540 2461 2575 ,
2512 2476 2830 2559 vallidis'
2873 2478 3247 2587 precibus
3298 2478 3791 2587 requirentes
3842 2491 3932 2553 ut

1137 2611 1485 2720 dampna
1530 2613 1743 2691 illata
1781 2612 2091 2692 viribus
2137 2616 2574 2722 susciperet
2611 2612 3133 2711 vindicanda3
3169 2614 3308 2723 qui
3358 2640 3545 2690 mox
3586 2609 3769 2690 duci
3810 2610 3933 2687 Bi-

1143 2752 1348 2828 turie
1403 2747 1618 2828 diem
1661 2748 1847 2829 belli
1881 2751 2136 2828 mutui
2181 2751 2617 2849 intimavit,
2660 2779 2821 2863 quo
2856 2753 3139 2846 eciam,
3180 2775 3363 2828 cum
3397 2775 3646 2827 cuneo
3689 2745 3928 2831 nobi*-

1140 2887 1336 2964 lium
1386 2906 1465 2965 et
1526 2885 2007 2994 ignobilium
2062 2888 2559 2997 permaximo
2617 2889 2885 2967 exiens
2945 2884 3046 2965 de
3076 2885 3427 2965 Tholosa
3467 2884 3930 2990 anticipavit

1141 3025 1405 3103 locum
1428 3052 1720 3133 pugne.
1756 3024 1927 3102 Illic
1951 3028 2202 3104 eciam
2230 3023 2396 3105 dux
2428 3024 2832 3124 accedens,
2867 3042 3080 3105 statu
3108 3024 3460 3103 hostium
3486 3021 3927 3131 explorato,

1141 3190 1319 3239 cum
1348 3171 1483 3240 eos
1522 3161 2037 3270 comperisset
2058 3189 2244 3241 suos
2274 3163 2512 3271 longe
2549 3161 3011 3243 antecedere
3050 3187 3423 3257 numero,
3469 3176 3550 3239 et
3596 3176 3931 3268 propter

1140 3299 1643 3408 iniquitatem
1672 3297 1827 3377 loci
1853 3299 2222 3378 nonnulli
2258 3297 2409 3378 viri
2456 3302 2760 3380 strenui
2801 3297 2902 3379 ad
2934 3318 3247 3407 tempus
3280 3295 3574 3376 bellum
3603 3292 3932 3373 differre

1142 3453 1555 3516 censerent
1600 3467 1616 3513 :
1672 3469 1709 3508 κ
1759 3435 1888 3515 Ab
1932 3438 2238 3533 animo,
2297 3439 2599 3548 inquit,
2659 3434 2802 3514 filii
2849 3437 3058 3542 regis
3106 3436 3319 3513 Deus
3367 3448 3667 3512 avertat
3709 3445 3932 3509 tante

1144 3608 1180 3645 «
1223 3573 1894 3681 pusillanimitatis
1936 3575 2288 3682 signum,
2323 3593 2415 3656 ut
2457 3575 2723 3654 hostes
2766 3573 3056 3653 habeat
3094 3573 3180 3651 in
3219 3573 3484 3651 vicino
3517 3588 3596 3649 et
3635 3567 3929 3647 bellum

1137 3743 1174 3780 «
1213 3707 1631 3787 detrectet!
1676 3710 1887 3788 Nam
1934 3710 2462 3820 jurejurando
2494 3710 2729 3791 firmo
2778 3709 2966 3790 inde
3014 3738 3143 3788 me
3187 3738 3354 3789 non
3401 3733 3925 3800 recessurum,

1144 3878 1185 3917 (ε
1210 3841 1464 3922 donec
1490 3862 1839 3925 statuero
1870 3848 2187 3956 copiam
2209 3846 2631 3958 preliandi.
2661 3882 2698 3921 2)
2731 3849 2905 3927 Hoc
2929 3849 3205 3958 utique
3232 3845 3665 3924 animosius
3688 3868 3929 3951 quam

1142 3982 1587 4061 consulcius
1619 3980 1920 4062 dictum
1954 3985 2143 4082 suit3
2191 4014 2382 4067 nam
2404 4047 2422 4083 ,
2460 3987 2869 4067 instructis
2898 3984 3217 4064 aciebus
3237 4044 3255 4081 ,
3298 4008 3464 4060 non
3494 3976 3637 4057 diu
3660 4004 3930 4084 pugna

1143 4116 1500 4214 duravit,
1545 4117 1682 4198 sed
1714 4122 2070 4228 paucius
2103 4120 2601 4202 multitudini
2647 4122 2807 4199 cito
2851 4122 3120 4216 cessit,
3155 4120 3421 4227 sicque
3468 4140 3728 4192 comes
3774 4113 3929 4189 vic-

1144 4257 1350 4344 toria
1381 4258 1683 4361 potitus
1720 4276 1837 4336 est
1856 4319 1874 4355 ,
1916 4260 2447 4371 trecentisque
2492 4288 2590 4338 ex
2619 4276 2846 4365 parte
2876 4256 3103 4335 ducis
3133 4253 3454 4348 occisis,
3484 4253 3685 4359 ipse,
3719 4276 3929 4358 equo

1142 4392 1575 4471 calcaribus
1616 4390 1898 4472 adacto
1922 4456 1939 4491 ,
1981 4394 2169 4502 fuga
2213 4393 2623 4476 dilabitur.
2664 4389 2908 4493 Quod
2951 4388 3291 4470 dedecus
3323 4414 3539 4467 anno
3580 4371 3729 4463 illo*
3756 4384 3929 4492 plu-

1141 4530 1298 4606 ries
1319 4530 1735 4635 temptavit
1758 4526 2150 4609 redimere
2169 4593 2187 4628 ,
2215 4560 2434 4610 nunc
2464 4557 2722 4640 prope
2745 4527 3182 4607 Tholosam
3200 4588 3218 4623 ,
3258 4552 3476 4605 nunc
3502 4548 3754 4633 prope
3792 4519 3930 4598 Be-

1141 4666 1364 4760 siers,
1389 4694 1603 4743 nunc
1632 4667 2383 4772 oppugnacionibus
2406 4685 2882 4766 castrorum,
2905 4693 3121 4746 nunc
3146 4659 3635 4743 discursibus
3656 4684 3932 4735 cruen-

1217 4877 1231 4898 '
1278 4870 1453 4927 Van.-
1484 4889 1546 4925 no
1565 4867 1733 4943 5960,
1761 4871 1858 4927 sol.
1890 4869 1956 4947 37
1985 4891 2058 4944 v.‚
2087 4876 2451 4929 conservavit.
