4666 6014
1093 656 1237 728 606
1408 749 1415 754 ,
1533 697 1541 704 -
1580 645 2263 723 CHRONICORUM
2314 643 2673 722 KAROLI
2723 641 3007 720 SEXTI
3055 645 3235 724 ΗΒ.
3290 645 3393 722 X.

1094 809 1293 885 siam
1332 802 1547 881 beatiw
1578 799 1949 908 Dyonisii
1986 797 2457 907 Ariopagite
2504 796 2858 878 delatum
2901 813 3021 878 est
3071 816 3153 878 et
3207 800 3295 878 in
3340 799 3642 908 capella
3665 862 3685 898 ,
3736 830 3894 913 que

1096 943 1368 1050 regine
1410 936 1776 1017 Johanne
1822 952 2177 1034 vocatur,
2224 936 2649 1043 sepultum.
2685 935 2796 1014 Ut
2833 951 3099 1015 autem
3140 934 3496 1044 religiosi
3532 961 3687 1046 pro
3719 939 3889 1046 ejus

1095 1081 1361 1159 anima
1417 1078 1808 1157 attencius
1854 1074 2294 1153 Dominum
2351 1091 2813 1173 exorarent,
2874 1091 3339 1182 sumptuosa
3406 1076 3576 1184 ejus
3645 1080 3883 1157 vesti-

1102 1233 1371 1296 menta
1412 1211 1792 1322 triplicia,
1836 1210 2131 1321 quibus
2182 1229 2469 1290 ornata
2514 1197 2776 1291 fuerat
2826 1213 2912 1289 in
2959 1240 3100 1290 sua
3139 1212 3403 1320 prima
3448 1210 3886 1322 desponsa-

1096 1358 1360 1451 cione‚
1397 1369 1488 1432 ut
1534 1346 1721 1429 111116
1761 1375 1952 1456 cape
1998 1346 2321 1445 fierent,
2366 1345 2699 1428 donavit
2739 1347 3089 1428 ecclesie.
3138 1347 3355 1432 Mille
3387 1350 3634 1458 eciam
3667 1369 3890 1430 scuta

1097 1495 1271 1574 auri
1335 1493 1421 1570 in
1467 1502 1940 1568 testamento
1995 1484 2322 1594 legavit,
2371 1502 2461 1564 ut
2519 1482 2710 1564 inde
2771 1484 3260 1570 sufficientes
3320 1484 3681 1572 redditus
3730 1516 3884 1600 pro

1095 1628 1521 1739 capellanis
1560 1640 2037 1721 emerentur,
2081 1623 2222 1732 qui
2260 1650 2414 1731 pro
2454 1622 2625 1732 ipsa
2667 1621 2964 1706 cotidie
2998 1621 3388 1706 offerrent
3426 1624 3731 1708 hostias
3764 1653 3887 1704 ac-

1095 1765 1523 1875 ceptabiles
1561 1762 1925 1843 creatori.
2841 1766 2846 1771 ·

2046 1974 2722 2058 CAPITULUM
2790 1980 2937 2060 VI.

1989 2188 2085 2254 De
2124 2189 2342 2272 treugis
2374 2190 2579 2269 juratis
2619 2189 2773 2248 inter
2805 2209 3003 2271 regua.

1216 2401 1449 2479 Circa
1494 2395 1768 2477 eadem
1809 2414 2173 2504 tempora
2194 2456 2212 2493 ,
2259 2397 2684 2503 episcopus
2733 2393 3225 2493 Baiocensis,
3269 2397 3476 2505 regis
3522 2398 3899 2488 consilia-

1101 2541 1267 2617 rius
1319 2554 1400 2615 et
1445 2536 1617 2647 ejus
1663 2560 1969 2613 camere
2018 2549 2586 2640 computorum
2637 2529 3053 2641 presidens
3093 2534 3593 2643 principaliS‚
3643 2533 3902 2624 eidem

1100 2670 1331 2752 fedus
1369 2666 1874 2750 induciarum
1904 2666 2296 2746 triennale
2325 2693 2374 2749 a
2402 2693 2589 2775 rege
2619 2668 2906 2775 ΑΗΒ-116
2933 2669 3384 2776 voluntarie
3409 2698 3870 2751 concessum
3888 2734 3906 2770 ‚

1101 2825 1182 2887 et
1218 2805 1321 2886 ad
1371 2804 1456 2885 id
1487 2804 1795 2883 firmius
1835 2800 2404 2882 stabiliendum
2442 2801 3296 2912 quemdam'famosum
3333 2805 3668 2887 militem
3708 2835 3902 2888 ven-

1102 2961 1374 3023 turum
1428 2942 1513 3020 in
1552 2939 1926 3049 proximo
1982 2937 2405 3019 intimavit.
2456 2940 2715 3041 Quem
2757 2939 3207 3023 honorifice
3244 2961 3326 3024 et
3379 2945 3587 3025 comi
3630 2945 3902 3026 fronte

1112 3078 1505 3187 recipiens
1525 3139 1546 3176 ,
1610 3077 2004 3159 reiteratis
2060 3076 2372 3156 vicibus
2443 3075 2722 3157 refecit
2781 3076 3221 3189 dapsiliter,
3284 3078 3685 3195 fidemque
3746 3081 3901 3165 sibi

1105 3216 1401 3296 faciens
1468 3215 1568 3295 de
1636 3232 1872 3324 pacto
1933 3212 2502 3295 inviolabiliter
2557 3213 2988 3314 servando,
3043 3234 3125 3296 et
3165 3224 3404 3300 'more
3450 3246 3597 3300 suo
3667 3216 3906 3308 donis

1103 3353 1682 3437 accumulatum
1744 3350 2293 3451 uberioribus,
2366 3353 2786 3437 remittens
2849 3351 2955 3435 ad
3017 3383 3289 3464 regem
3365 3385 3602 3441 suum
3627 3419 3649 3456 ‚
3724 3356 3908 3437 illuc

1105 3494 1478 3577 comitem
1506 3490 1780 3573 Sancti
1818 3490 2041 3573 Pauli
2080 3487 2553 3614 destinavit,
2586 3493 2729 3602 qui
2759 3491 2868 3575 ab
2901 3520 2998 3573 eo
3022 3493 3279 3577 simile
3311 3495 3664 3602 exigeret
3692 3495 3909 3602 jura-

1106 3648 1493 3712 mentum.

2043 3792 2707 3885 CAPITULUM
2769 3800 2967 3881 VII.

1111 4033 1198 4092 De
1226 4033 1458 4093 nunciis
1492 4054 1525 4093 a
1555 4053 1703 4113 papa
1735 4031 2033 4093 Clemente
2068 4032 2190 4112 regi
2218 4032 2405 4091 missis
2430 4073 2447 4105 ‚
2476 4031 2705 4112 nupciis
2748 4029 2942 4093 fratris
2979 4034 3135 4115 regis
3177 4045 3237 4092 et
3263 4034 3644 4095 coronacione
3683 4036 3903 4116 regine.

1224 4239 1438 4347 Papa
1500 4237 1864 4318 Clemens
1918 4236 2276 4346 repetitis
2328 4236 2638 4317 vicibus
2698 4266 2914 4317 anno
2980 4241 3134 4318 isto
3206 4266 3473 4346 regem
3520 4238 3907 4319 Karolum

1112 4400 1344 4456 suum
1398 4374 1734 4454 militem
1776 4392 1860 4454 et
1911 4372 2448 4456 deffensorem
2510 4358 2980 4489 precipuum
3037 4375 3356 4456 nunciis
3413 4392 3497 4456 et
3552 4374 3912 4484 apicibus

1109 4528 1533 4592 monuerat
1558 4528 1651 4590 ut
1680 4508 1950 4590 sedem
1989 4510 2506 4618 apostolicam
2537 4510 3004 4592 acceleraret
3039 4514 3366 4593 visitare
3389 4575 3408 4611 ,
3460 4512 3546 4592 in
3592 4512 3911 4619 scriptis

1108 4677 1421 4759 semper
1469 4646 1952 4758 pretendens
1980 4644 2207 4759 quod
2242 4645 2459 4729 dulci
2493 4675 2640 4729 suo
2682 4647 3036 4760 alloquio
3062 4649 3407 4730 recreari
3440 4647 3869 4728 affectabat
3891 4710 3909 4746 ,

1109 4806 1192 4866 et
1249 4815 1518 4867 secum
1569 4813 1809 4896 super
1863 4780 2347 4895 quibusdam
2393 4783 2667 4866 arduis
2716 4803 2798 4866 et
2836 4787 3076 4867 rebus
3122 4788 3668 4867 secretissimis
3708 4783 3907 4866 deli-
