4666 6014
1213 657 1354 729 730
1663 643 2346 720 CHRONICORUM
2395 643 2751 718 KAROLI
2802 641 3087 716 SEXTI
3109 654 3113 658 “
3136 641 3314 716 LIB.
3350 641 3545 718 XII.
3650 633 3657 640 ’

1212 803 1491 915 quenti
1530 797 1777 879 eciam
1810 797 1983 876 luce
2007 857 2026 895 ,
2062 821 2328 876 coram
2380 822 2564 904 rege
2604 823 2835 875 causa
2879 795 3201 903 cognita
3247 811 3329 875 et
3373 795 3671 905 injuria
3720 799 4003 903 punita

1214 942 1330 1019 sic
1354 936 1577 1018 ducis
1612 937 1968 1016 animum
1990 935 2407 1044 mitigavit.

1329 1071 1560 1153 Tunc
1617 1073 1826 1150 circa
1902 1071 2395 1178 principium
2452 1071 2740 1150 mensis
2805 1068 3154 1178 januarii
3216 1065 3378 1148 dux
3453 1069 3539 1146 in
3603 1067 4005 1150 Palacium

1215 1213 1527 1320 regium
1566 1237 1747 1289 cum
1785 1210 1947 1288 suis
1990 1208 2434 1289 illustribus
2486 1208 2890 1305 introivit,
2945 1203 3384 1316 vidensque
3432 1231 3707 1313 regem
3760 1192 4005 1315 regali

1220 1348 1422 1428 solio
1463 1344 1977 1440 residentem,
2025 1344 2398 1425 vallatum
2444 1339 2961 1424 *multitudine
3008 1331 3431 1450 procerum
3454 1402 3474 1439 ,
3527 1339 3736 1422 flexo
3795 1370 4006 1452 genu

1222 1486 1517 1595 pluries
1560 1513 1642 1563 se
1681 1484 2093 1563 inclinavit
2144 1483 2499 1564 debitam
2549 1482 3083 1562 reverenciam
3125 1479 3512 1561 exhibens
3532 1542 3551 1579 ,
3591 1478 3854 1561 donec
3903 1479 4005 1560 ad

1224 1650 1403 1701 eum
1444 1623 1912 1701 accessisset.
1953 1621 2140 1721 Quo
2183 1638 2547 1727 peracto,
2601 1648 2738 1698 rex
2789 1635 3159 1727 porrecta
3207 1614 3485 1697 dextra
3526 1645 3709 1696 eum
3752 1619 4010 1699 hono-

1228 1759 1446 1839 rifice
1498 1759 1811 1864 excepit
1834 1819 1851 1852 ,
1906 1774 2453 1865 secretumque
2505 1755 2991 1867 colloquium
3040 1783 3221 1836 cum
3285 1782 3380 1834 eo
3436 1755 3727 1836 habuit
3770 1784 4013 1865 super

1229 1890 1665 1974 tractandis
1696 1894 2076 2001 negociis;
2108 1919 2299 2003 que,
2345 1910 2588 2000 prout
2615 1919 2795 1972 vera
2826 1892 3223 1972 relacione
3258 1888 3545 1971 didisci
3590 1892 3697 1972 ab
3726 1892 3838 1973 eis
3869 1896 4009 2001 qui

1233 2032 1469 2140 hujus
1499 2031 1717 2138 pacis
1758 2047 2114 2110 tenorem
2154 2048 2813 2137 composuerunt,
2851 2057 3089 2140 super
3118 2030 3275 2110 hiis
3296 2092 3315 2128 ,
3346 2058 3499 2140 que
3530 2029 3688 2109 dux
3710 2029 4015 2111 Biturie

1231 2170 1455 2275 prius
1496 2168 1652 2246 sibi
1695 2183 2224 2274 proposuerat
2246 2228 2265 2265 ,
2316 2167 2865 2247 versabantur.
2906 2166 3162 2275 Super
3205 2168 3362 2248 hiis
3409 2169 3615 2275 regis
3659 2184 3741 2247 et
3788 2165 4019 2247 ducis-

1231 2323 1504 2386 mutua
1557 2303 1883 2383 consilia
1926 2283 2312 2386 reiteratis
2356 2304 2660 2384 vicibus
2707 2305 3041 2386 fuerunt
3085 2304 3479 2385 celebrata
3498 2365 3521 2401 ,
3563 2322 3644 2384 et
3689 2301 4013 2384 tandem

1232 2443 1424 2522 viris
1460 2439 1997 2521 mediantibus
2041 2443 2670 2549 circumspectiS,
2718 2440 2882 2521 dux
2925 2442 3313 2522 voluntati
3360 2441 3576 2549 regie
3605 2441 4013 2521 humiliter

1234 2607 1317 2657 se
1357 2578 1762 2676 submisit3
1797 2576 2331 2688 accedensque
2371 2577 2472 2658 ad
2502 2578 2672 2686 ejus
2716 2580 3212 2688 presenciam
3249 2575 3381 2657 die
3422 2576 3634 2657 dicta
3659 2639 3677 2676 ,
3715 2578 3819 2658 ab
3866 2578 4016 2657 alia

1235 2731 1463 2821 parte
1501 2716 1748 2793 eciam
1792 2712 2166 2794 dominus
2201 2713 2572 2795 Oliverus
2616 2713 2715 2795 de
2762 2715 3099 2795 Clichon
3146 2732 3225 2795 et
3262 2714 3665 2795 Johannes
3710 2713 3810 2795 de
3848 2715 4019 2793 Bri-

1238 2852 1453 2929 tania
1492 2866 1829 2959 propter
1870 2850 2026 2930 hoc
2069 2869 2638 2931 convenerunt.
2673 2850 2904 2932 Tunc
2947 2853 3417 2933 auctoritate
3451 2853 3662 2960 regia
3720 2852 4020 2931 cancel-

1237 2989 1479 3067 larius
1521 2987 1850 3068 verbum
1892 3016 2208 3069 sumens
2232 3049 2252 3086 ,
2298 3006 2381 3068 et
2419 2988 2855 3070 luculenter
2894 2989 3319 3074 ostendens
3367 2983 3609 3099 quam
3646 2983 4021 3070 ardenter

1238 3125 1672 3233 exoptabat
1709 3141 1801 3204 ut
1821 3125 2219 3231 regnicole
2245 3146 2658 3207 manerent
2683 3129 2767 3206 in
2793 3126 3391 3235 pulchritudine
3421 3129 3675 3236 paciS,
3709 3125 3915 3206 dixit
3941 3143 4023 3206 et

1241 3260 1394 3339 sibi
1452 3261 1757 3369 placere
1805 3260 2025 3370 quod
2069 3263 2430 3341 amicicia
2489 3264 2702 3342 inter
2754 3280 3020 3375 partes
3079 3281 3274 3342 tunc
3334 3279 3776 3369 presentes,
3825 3259 4018 3341 odio

1242 3414 1550 3478 vetusto
1593 3401 2040 3508 interrupta
2064 3459 2084 3497 ,
2132 3401 2424 3480 iterum
2471 3400 3006 3480 resarciretur.
3052 3400 3333 3481 Intulit
3382 3417 3463 3480 et
3508 3396 4023 3480 condiciones

1243 3531 1545 3615 addens
1577 3533 1791 3644 quod
1820 3554 2081 3617 taxata
2122 3564 2379 3646 nuper
2413 3539 2796 3646 peccunia
2823 3538 3149 3618 Olivero
3169 3599 3188 3636 ,
3214 3536 3583 3618 videlicet
3614 3534 4020 3616 residuum

1246 3689 1563 3751 centum
1620 3673 1922 3751 milium
1968 3673 2432 3753 francorum
2482 3676 2695 3774 auri,
2750 3673 3005 3754 eidem
3064 3674 3699 3784 persolveretur3
3764 3688 4023 3752 castra

1244 3836 1563 3920 quoque
1601 3811 1985 3891 ,Iohannis
2028 3811 2508 3899 deBritania
2531 3874 2550 3911 ,
2582 3812 2895 3893 comitis
2933 3813 3229 3893 scilicet
3259 3812 3360 3893 de
3380 3812 3833 3904 Pentievre,
3866 3834 4025 3922 que

1245 3945 1538 4051 injuste
1596 3945 1756 4027 dux
1813 3949 2219 4057 hucusque
2274 3967 2798 4057 occupaverat
2857 3948 3116 4029 eidem
3169 3952 3651 4048 restitueret,
3716 3947 3816 4028 de
3867 3947 4027 4025 hiis

1248 4099 1513 4162 tamen
1545 4084 1698 4192 ipsi
1725 4083 1935 4166 facto
1969 4072 2344 4195 homagio
2369 4147 2389 4184 ,
2433 4101 2522 4166 ut
2553 4084 2917 4183 decebat,
2953 4087 3039 4165 in
3070 4105 3459 4198 quantum
3488 4088 3881 4168 eciam.....
3907 4088 3935 4128 ¹
3989 4132 4003 4142 -

1325 4354 1336 4375 ·
1383 4342 1454 4396 Lc
1479 4353 1623 4398 reste
1650 4343 1720 4397 de
1747 4344 1798 4398 la
1825 4361 1964 4418 page
1989 4355 2074 4400 est
2097 4363 2169 4400 en
2193 4345 2356 4400 blanc
2383 4343 2522 4400 dans
2546 4343 2598 4399 le
2625 4354 2685 4398 n⁰
2708 4341 2853 4419 5958
2877 4342 2976 4400 sol.
3005 4362 3067 4419 9¹
3103 4364 3152 4400 r.
