4666 6014
1158 709 1304 779 704
1610 698 2295 774 CHRONICORUM
2349 696 2705 771 KAROLI
2753 696 3039 770 SEXTI
3089 700 3265 772 LIB.
3320 699 3489 774 XII.

1159 851 1539 974 quamdiu
1571 853 1816 931 vitam
1854 848 2237 931 ducerent
2268 852 2350 928 in
2390 839 2784 928 humanis,
2820 837 3226 929 Fraternis
3254 852 3627 958 precibus
3658 854 3941 938 iterum

1155 1020 1296 1071 rex
1334 990 1835 1102 acquiescens
1870 987 2127 1068 eidem
2163 987 2534 1068 ducatum
2570 986 3221 1068 Aurelianensem
3263 1017 3417 1096 pro
3453 987 3746 1072 ducatu
3783 994 3941 1075 Tu-

1151 1130 1380 1208 ronie
1406 1125 1740 1208 tradidit
1768 1146 2156 1237 perpetuo
2192 1117 3083 1237 possidendmn.·Q10d
3110 1143 3306 1235 egro
3336 1129 3939 1214 Aurelianenses

1150 1265 1522 1364 ferenteS,
1560 1294 1706 1346 nec
1745 1283 2103 1345 verentes
2139 1257 2788 1372 indignacionem
2829 1262 3056 1345 ducis
3096 1266 3542 1366 incurrere,
3577 1270 3935 1350 omnium

1148 1430 1538 1482 consensu
1590 1404 1945 1482 unanimi
1988 1430 2175 1484 mox
2219 1400 2690 1482 direxerunt
2728 1399 2829 1481 ad
2869 1429 3171 1510 regem,
3215 1403 3358 1514 qui
3399 1404 3559 1485 sibi
3609 1434 3934 1513 persua-

1146 1538 1428 1619 derent
1478 1547 1580 1618 ne
1618 1557 2177 1648 separarentur
2230 1568 2276 1618 a
2315 1567 2636 1619 corona.
2681 1529 2758 1618 N
2760 1527 2970 1618 uncii
3031 1531 3348 1648 bajulus
3395 1542 3661 1623 extitit
3711 1547 3932 1652 prin-

1144 1677 1417 1786 cipalis
1468 1680 1884 1785 episcopus
1930 1674 2524 1756 Aurelianensis
2569 1674 2943 1756 dominus
2992 1675 3397 1756 Johannes
3439 1678 3738 1779 Nicho,
3786 1686 3925 1793 qui

1141 1817 1351 1892 inter
1395 1812 1618 1893 orbis
1658 1812 1972 1921 legistas
2014 1829 2318 1921 gemma
2366 1837 2512 1892 nec
2554 1812 2954 1891 immerito
3011 1810 3469 1892 vocabatur.
3527 1813 3789 1915 Quem
3838 1820 3923 1896 in

1140 1950 1614 2031 consistorio
1675 1951 2129 2058 principum
2201 1951 2727 2029 constitutum
2781 1949 2919 2058 qui
2966 1949 3282 2029 secretis
3344 1949 3757 2063 colloquiis
3822 1982 3919 2034 ex

1138 2088 1406 2168 officio
1468 2088 1844 2168 assistunt
1901 2106 2087 2197 post
2148 2085 2510 2168 debitum
2575 2083 3082 2166 salutacionis
3140 2084 3471 2166 affatum
3527 2088 3675 2168 sub
3737 2118 3915 2170 cor-

1140 2228 1492 2306 rectione
1523 2224 1917 2305 refferunt
1946 2225 2059 2305 sic
2089 2224 2561 2333 loquutum:
2650 2333 2653 2334 7

1246 2396 1285 2437 <c
1315 2363 1794 2443 Auctoritati
1836 2364 2089 2471 regie,
2133 2361 2435 2473 inquit,
2477 2359 3057 2470 rempublicam
3099 2389 3496 2442 summum
3540 2364 3911 2473 opificem

1016 2561 1019 2566 .
1139 2535 1176 2574 «
1209 2528 1476 2580 rerum
1533 2485 1988 2580 submisisse
2035 2499 2243 2607 leges
2284 2498 2666 2596 clamant,
2713 2515 2807 2579 ut
2851 2498 3197 2609 populus
3248 2501 3333 2579 in
3374 2498 3910 2609 pulcritudine

1133 2672 1169 2710 α
1202 2638 1449 2744 paciS,
1496 2638 1766 2745 requie
1805 2635 2364 2744 te‘mporalium
2405 2636 2778 2742 opulenta
2831 2663 3242 2716 remanere
3277 2656 3587 2746 posset,
3630 2656 3710 2718 et
3758 2639 3906 2720 sub

1131 2810 1168 2848 <c
1203 2772 1462 2854 vivida
1515 2775 1686 2884 ejus
1734 2771 2055 2854 dextera
2102 2785 2181 2853 et
2233 2775 2734 2880 ‘protectione
2770 2775 3084 2883 potenti
3128 2777 3613 2885 prosperari.
3671 2777 3770 2855 Et
3837 2778 3906 2856 si

1130 2949 1167 2986 «
1200 2914 1462 2993 omnis
1526 2913 1642 2991 evi
1706 2912 2198 2990 Francorum
2246 2929 2803 2991 recenseantur
2867 2909 3225 3009 annales,
3284 2928 3508 2992 tanto
3571 2941 3902 2994 munere

1130 3087 1166 3127 «
1197 3049 1799 3131 Aurelianenses
1844 3051 2049 3130 cives
2090 3050 2394 3129 inventi
2436 3042 2661 3158 digni
2699 3038 3028 3141 fuerunt
3053 3046 3291 3158 super
3332 3079 3606 3132 omnes
3635 3055 3901 3161 regni-

1128 3216 1166 3265 «
1197 3190 1407 3269 colas
1445 3186 1570 3268 ob
1603 3184 1832 3267 fidele
1873 3205 1955 3268 et
1988 3187 2554 3298 obsequiosum
2598 3182 3053 3286 servicium,
3095 3187 3315 3299 quod
3356 3186 3641 3297 priscis
3674 3184 3898 3270 exhi·

1123 3328 1546 3407 «buerunt
1601 3324 1954 3434 reg-ihm,
2015 3326 2159 3436 qui
2230 3327 2314 3409 in
2380 3312 2581 3405 urbe
2639 3324 3060 3433 magnifice
3119 3342 3672 3434 regnaverunt.
3722 3327 3898 3407 Hoc

1129 3499 1163 3535 «
1197 3463 1656 3544 memoriale
1689 3464 2016 3571 insigne·
2029 3463 2345 3571 scriptis
2379 3464 2721 3575 posteris
2755 3462 3346 3574 relinqueruat;
3388 3461 3896 3575 quod-attan»

1124 3638 1160 3675 «
1193 3600 1386 3681 dens
1429 3603 1746 3710 genitor
1779 3612 2036 3681 vester
2070 3600 2435 3697 illustris,
2476 3599 2713 3680 nobis
2748 3624 3066 3708 sempor
3109 3602 3513 3680 menti:
3547 3603 3891 3708 suspirio

1122 3776 1157 3814 «
1190 3738 1787 3836 memoranduS,
1820 3730 2043 3850 cujus
2083 3733 3045 3848 magnificenciam‘usque·
3068 3735 3729 3818 hodie-Occidens
3758 3736 3894 3817 ad-

1119 3913 1156 3949 «
1189 3882 1525 3958 miratur
1564 3906 1655 3957 ac
1690 3866 2085 3986 preconiis
2123 3864 2416 3957 attollit
2447 3870 3068 3975 immortalibus»,
3111 3894 3293 3955 non¹
3316 3873 3892 3987 parvipendere

1119 4016 1514 4095 «curavit.
1570 4017 1776 4094 Nam
1824 4016 2435 4122 progenitorum
2484 4040 2818 4124 sequens
2871 4010 3238 4121 vestigia,
3288 4034 3471 4094 cum
3520 4006 3891 4093 dominus

1120 4188 1160 4227 «
1186 4152 1352 4235 dux
1400 4151 1985 4232 Aurelianensis
2013 4148 2432 4261 Philippus
2455 4211 2474 4248 ,
2523 4150 2693 4260 ejus
2736 4167 3109 4257 patruuS,
3161 4127 3515 4232 cessisset
3561 4146 3650 4230 in
3690 4142 3885 4247 fata,

1117 4291 1893 4399 «compatriotarum
1943 4287 2195 4369 victus
2245 4284 2555 4368 vallidis
2589 4286 3002 4397 precibus,
3044 4288 3377 4370 consilio
3430 4306 3511 4368 et
3564 4314 3884 4368 assensu

1114 4464 1150 4500 «
1183 4429 1610 4507 illustrium
1654 4428 1882 4534 regni
1924 4423 2271 4505 decrevit
2305 4443 2398 4505 ut
2424 4425 2558 4504 hic
2587 4422 2920 4507 ducatus
2965 4426 3115 4504 sub
3156 4452 3451 4505 corona
3494 4444 3883 4533 perpetuo

1112 4600 1149 4638 ι(
1181 4582 1655 4662 remaneret,
1689 4590 1833 4643 nec
1865 4559 2243 4668 deinceps
2282 4562 2517 4643 alicui
2551 4560 3153 4643 submitteretur
3191 4563 3350 4641 nisi
3383 4563 3575 4670 regi.
3622 4561 3883 4672 thue

1107 4739 1144 4777 «
1182 4704 1451 4812 paucis
1482 4703 1877 4784 intentum
1891 4694 2316 4808 expediam
2336 4763 2359 4802 ,
2393 4724 2850 4781 concessum
2872 4698 3060 4780 inde
3089 4699 3591 4810 privilegium
3619 4718 3881 4808 pater-

1105 4877 1140 4912 «
1172 4870 1362 4920 num
1388 4903 1407 4938 ,
1438 4869 1599 4950 quo
1637 4842 2045 4949 hucusque
2078 4840 2234 4947 ipsi
2275 4839 2482 4919 cives
2521 4860 2833 4917 summo
2865 4838 3137 4919 favore
3170 4841 3299 4920 usi
3339 4832 3565 4939 sunt,
3602 4859 3685 4921 et
3712 4867 3877 4951 quo
