4666 6014
1110 672 1206 748 66
1616 658 2303 737 CHRONICORUM
2353 656 2709 734 KAROLI
2760 657 3043 733 SEXTI
3095 660 3271 733 LIB.
3325 660 3385 731 Ι.

1112 817 1585 926 sagittarum
1643 827 2089 919 pugnantes
2157 806 2768 889 obnubilassent
2833 836 3090 890 aerem
3113 870 3132 908 ,
3202 837 3396 889 mox
3460 807 3912 917 gladiorum

1114 954 1423 1037 infestis
1468 947 1935 1060 cuspidibus
1984 975 2167 1027 cum
2217 945 2539 1056 fragore
2590 944 2935 1026 terribili
2986 945 3360 1045 audacter
3405 974 3572 1027 sese
3622 948 3913 1057 impin·

1115 1111 1318 1204 gunt
1385 1089 1968 1200 ingeminantes
2027 1082 2131 1164 ad
2191 1102 2560 1164 mortem.
2627 1085 3027 1195 Utrinque
3091 1085 3338 1192 igitur
3392 1111 3601 1196 equo
3657 1103 3912 1165 marte

1114 1232 1403 1312 acriter
1441 1244 1561 1307 est
1607 1242 2077 1336 pugnatum.
2123 1225 2230 1302 At
2280 1220 2424 1302 ubi
2474 1222 2783 1321 hosteS,
2835 1223 2978 1334 qui
3019 1222 3615 1330 constipacione
3666 1222 3912 1302 nimia

1114 1367 1422 1450 astricti
1489 1340 2003 1462 videbantur,
2038 1361 2536 1441 Francorum
2598 1361 3191 1470 supervenienti
3257 1350 3619 1468 pondere
3678 1389 3916 1472 pene-

1114 1524 1435 1588 trantur
1455 1565 1474 1601 ,
1521 1502 1791 1583 animo
1844 1499 2337 1583 consternati
2389 1496 2962 1609 disperguntur
2980 1559 3001 1598 ,
3049 1495 3434 1579 deficiunt
3454 1559 3474 1597 ,
3527 1517 3916 1580 corruunt

1116 1661 1196 1724 et
1221 1645 1681 1725 vincuntur.
1727 1640 1830 1721 Et
1862 1637 2055 1719 dum
2091 1639 2589 1718 Francorum
2633 1634 2878 1747 gladii
2924 1639 3010 1718 in
3051 1665 3186 1721 eos
3221 1635 3757 1719 crudelissime
3789 1668 3918 1717 va-

1114 1798 1440 1890 gantur,
1492 1778 1627 1861 alii
1694 1776 2283 1885 redempcionis
2344 1752 2543 1887 jugo
2606 1804 2690 1857 se
2743 1776 3154 1859 humiliter
3208 1776 3732 1873 submittunt,
3781 1777 3916 1855 alii

1115 1919 1511 2027 fugientes
1557 1916 1793 1997 sal-uti
1827 1944 1965 1995 sue
2009 1913 2467 2025 provident.
2515 1914 2784 1994 Multis
2832 1931 3097 1994 tamen
3142 1916 3450 2023 ingenti
3492 1912 3681 1993 cede
3732 1942 3917 2022 pro-

1119 2056 1425 2149 stratis,
1465 2052 1752 2132 Gallici
1787 2081 1969 2131 cum
1999 2049 2212 2130 felici
2253 2051 2535 2130 bravio
2568 2050 2671 2131 ad
2698 2053 3100 2131 civitatem
3130 2049 3566 2130 redierunt.
3602 2052 3917 2159 Anglici

1121 2208 1411 2289 autem,
1435 2188 1793 2269 dolentes
1820 2185 2041 2300 quod
2062 2188 2273 2267 inter
2289 2215 2558 2295 regem
2584 2203 2664 2265 et
2684 2184 2967 2267 ducem
2986 2215 3262 2296 pacem
3284 2186 3576 2267 factam
3590 2188 3917 2268 turbare

1123 2358 1293 2408 non
1321 2344 1735 2438 poterant,
1764 2326 2039 2439 nilque
2070 2323 2329 2405 laudis
2364 2327 2449 2404 in
2475 2323 2830 2405 Britania
2863 2325 3423 2438 acquirebant,
3451 2326 3746 2406 relictis
3776 2331 3916 2439 qui

1120 2484 1464 2548 castrum
1504 2465 1998 2546 maritimum
2045 2460 2146 2544 de
2177 2464 2404 2544 Brest
2449 2493 2594 2543 suo
2637 2465 2966 2546 nomine
3015 2462 3551 2564 custodirent,
3601 2468 3691 2545 in
3744 2469 3912 2546 An·

1118 2605 1363 2713 gliam
1387 2620 1981 2685 transmearunt
1999 2664 2018 2701 ,
2046 2629 2311 2683 secum
2337 2599 2631 2685 multos
2657 2603 2968 2683 saucios
2998 2620 3077 2682 et
3099 2602 3437 2683 letaliter
3463 2601 3916 2684 vulneratos

1120 2740 1613 2822 reducentes

2091 2882 2762 2965 CAPITULUM
2828 2884 2930 2965 X.

1476 3122 1715 3182 Domini
1743 3119 1917 3182 duces
1945 3118 2154 3182 fmstra
2181 3121 2451 3184 nituntur
2476 3122 2734 3188 subsidia
2764 3124 3059 3205 imponere
3089 3143 3264 3205 snper
3289 3122 3541 3204 plebem.

1235 3329 1569 3408 Interim
1628 3325 1820 3408 dum
1875 3326 2318 3435 agebantur
2390 3328 2750 3436 predicta
2770 3392 2789 3429 ‚
2848 3334 3110 3411 erario
3179 3332 3428 3440 regis,
3473 3347 3565 3409 ut
3612 3328 3916 3411 dictum

1119 3481 1274 3564 est,
1317 3463 1703 3546 exhausto
1736 3463 2096 3572 pecuniis
2116 3525 2136 3564 ,
2172 3491 2358 3572 erga
2394 3466 2565 3577 ejus
2605 3484 2969 3575 patruOS,
3003 3466 3473 3549 decuriones
3512 3485 3594 3548 et
3620 3470 3918 3577 stipen-

1121 3600 1423 3681 diarios
1462 3601 1756 3681 milites
1788 3619 2167 3682 consueta
2211 3604 2725 3686 minuebatur
2758 3605 3396 3714 magnificencia,
3443 3624 3524 3687 et
3559 3604 3916 3687 edificio-

1120 3766 1301 3820 rum
1360 3738 1613 3846 patris
1670 3737 2068 3846 inexpleta
2132 3741 2601 3820 remanebat
2671 3760 3138 3851 sumptuosa
3218 3745 3630 3852 congeries
3650 3806 3668 3841 ,
3737 3771 3915 3821 cum

1119 3874 1464 3984 populus
1494 3902 1663 3953 non
1694 3874 1874 3983 plus
1902 3893 2108 3956 esset
2138 3877 2289 3956 sub
2319 3878 2866 3960 subsidiorum
2889 3880 3225 3961 tributo.
3259 3881 3434 3960 Hoc
3469 3897 3654 3960 ante
3681 3878 3919 3958 dene-

1119 4031 1441 4121 gaverat
1491 4011 1825 4093 domino
1886 4012 2071 4093 duci
2130 4019 2468 4124 regenti.
2535 4015 2691 4097 Sed
2745 4022 3129 4131 quoniam
3193 4016 3610 4113 estimabat
3667 4044 3916 4125 parvo

1118 4154 1507 4261 temporis
1540 4153 1848 4262 spacio,
1891 4171 1983 4233 ut
2019 4156 2269 4234 moris
2324 4173 2484 4256 est,
2527 4159 2920 4266 populum
2953 4175 3383 4255 mutatum,
3427 4185 3607 4237 cum
3655 4174 3915 4236 muta-

1119 4290 1318 4370 biles
1352 4293 1516 4372 sint
1539 4291 1756 4400 vulgi
1791 4292 2079 4389 animi,
2119 4294 2205 4371 in
2252 4295 2499 4402 regali
2537 4294 2851 4375 Palacio
2894 4296 3238 4376 Parisius
3278 4323 3463 4376 cum
3506 4293 3917 4378 nonnullis

1117 4455 1423 4510 summe
1472 4430 1975 4510 auctoritatis
2023 4429 2333 4512 civibus
2391 4431 2708 4514 nobiles
2754 4449 2834 4512 et
2891 4433 3310 4542 episcopos
3357 4434 3876 4541 congregavit
3894 4493 3912 4524 ‚

1116 4583 1208 4645 ut
1246 4565 1498 4674 legem
1531 4565 1634 4646 de
1668 4564 2281 4650 introducendis
2320 4571 2613 4652 iterum
2653 4566 3033 4654 subsidiis
3075 4570 3577 4680 generalibus
3619 4586 3913 4649 statue-

1117 4721 1340 4802 rent3
1382 4701 1522 4783 sed
1568 4704 1950 4815 nequivit.
1985 4705 2554 4786 Assistencium
2596 4734 2989 4788 consensu
3025 4724 3116 4787 ut
3174 4735 3274 4788 ex
3312 4707 3620 4787 cunctis
3680 4706 3917 4786 rebus

1115 4840 1529 4921 venalibus
1559 4869 1711 4950 pro
1746 4840 1956 4920 libra
1998 4837 2425 4924 duodecim
2457 4840 2766 4924 denarii
2803 4846 3300 4928 solverentur
3329 4843 3739 4924 decretum
3770 4860 3910 4921 est.
