<?xml version="1.0" encoding="UTF-8"?>
<!DOCTYPE html PUBLIC "-//W3C//DTD XHTML 1.0 Transitional//EN"
    "http://www.w3.org/TR/xhtml1/DTD/xhtml1-transitional.dtd">
<html xmlns="http://www.w3.org/1999/xhtml" xml:lang="en" lang="en">
 <head>
  <title>
</title>
<meta http-equiv="Content-Type" content="text/html;charset=utf-8" />
  <meta name='ocr-system' content='tesseract 3.04.00' />
  <meta name='ocr-capabilities' content='ocr_page ocr_carea ocr_par ocr_line ocrx_word'/>
</head>
<body>
  <div class='ocr_page' id='page_1' title='image "./chroniquedureli00frangoog_0358.png"; bbox 0 0 4666 6014; ppageno 0'>
   <div class='ocr_carea' id='block_1_1' title="bbox 1025 656 3832 919">
    <p class='ocr_par' dir='ltr' id='par_1_1' title="bbox 1025 656 3832 919">
     <span class='ocr_line' id='line_1_1' title="bbox 1025 656 3342 752; baseline -0.002 -17"><span class='ocrx_word' id='word_1_1' title='bbox 1025 664 1175 746; x_wconf 70' lang='lat'><strong>334</strong></span> <span class='ocrx_word' id='word_1_2' title='bbox 1530 658 2220 752; x_wconf 72' lang='lat' dir='ltr'>CHRONICORUM</span> <span class='ocrx_word' id='word_1_3' title='bbox 2270 656 2630 746; x_wconf 67' lang='lat' dir='ltr'>KAROLI</span> <span class='ocrx_word' id='word_1_4' title='bbox 2678 656 2967 744; x_wconf 60' lang='lat' dir='ltr'><strong>§Exn</strong></span> <span class='ocrx_word' id='word_1_5' title='bbox 3014 658 3194 746; x_wconf 62' lang='lat' dir='ltr'><strong>ms.</strong></span> <span class='ocrx_word' id='word_1_6' title='bbox 3248 657 3342 734; x_wconf 82' lang='lat' dir='ltr'><strong>V.</strong></span> 
     </span>
     <span class='ocr_line' id='line_1_2' title="bbox 1026 807 3832 919; baseline 0 -28"><span class='ocrx_word' id='word_1_7' title='bbox 1026 807 1465 894; x_wconf 82' lang='lat' dir='ltr'>mobilibus</span> <span class='ocrx_word' id='word_1_8' title='bbox 1505 837 1592 889; x_wconf 87' lang='lat' dir='ltr'><strong>se</strong></span> <span class='ocrx_word' id='word_1_9' title='bbox 1626 808 2158 892; x_wconf 83' lang='lat' dir='ltr'><strong>transferrent</strong></span> <span class='ocrx_word' id='word_1_10' title='bbox 2174 869 2195 910; x_wconf 88' lang='lat'>‚</span> <span class='ocrx_word' id='word_1_11' title='bbox 2233 837 2529 919; x_wconf 82' lang='lat' dir='ltr'><strong>rogans</strong></span> <span class='ocrx_word' id='word_1_12' title='bbox 2558 826 2641 890; x_wconf 92' lang='lat' dir='ltr'><strong>et</strong></span> <span class='ocrx_word' id='word_1_13' title='bbox 2668 809 3150 893; x_wconf 75' lang='lat' dir='ltr'><strong>remociores</strong></span> <span class='ocrx_word' id='word_1_14' title='bbox 3175 809 3344 919; x_wconf 85' lang='lat' dir='ltr'><strong>jam</strong></span> <span class='ocrx_word' id='word_1_15' title='bbox 3370 809 3531 894; x_wconf 83' lang='lat' dir='ltr'><strong>sibi</strong></span> <span class='ocrx_word' id='word_1_16' title='bbox 3561 810 3832 894; x_wconf 80' lang='lat' dir='ltr'><strong>confe-</strong></span> 
     </span>
    </p>
   </div>
   <div class='ocr_carea' id='block_1_2' title="bbox 895 947 3829 1060">
    <p class='ocr_par' dir='ltr' id='par_1_2' title="bbox 895 947 3829 1060">
     <span class='ocr_line' id='line_1_3' title="bbox 895 947 3829 1060; baseline -0.001 -28"><span class='ocrx_word' id='word_1_17' title='bbox 895 1049 912 1057; x_wconf 41' lang='grc'><strong>-</strong></span> <span class='ocrx_word' id='word_1_18' title='bbox 1026 947 1344 1032; x_wconf 83' lang='lat' dir='ltr'><strong>deratos</strong></span> <span class='ocrx_word' id='word_1_19' title='bbox 1378 976 1482 1028; x_wconf 89' lang='lat' dir='ltr'><strong>ne</strong></span> <span class='ocrx_word' id='word_1_20' title='bbox 1515 976 1669 1058; x_wconf 80' lang='lat' dir='ltr'><strong>per</strong></span> <span class='ocrx_word' id='word_1_21' title='bbox 1714 947 1915 1030; x_wconf 85' lang='lat' dir='ltr'><strong>fines</strong></span> <span class='ocrx_word' id='word_1_22' title='bbox 1961 976 2149 1032; x_wconf 88' lang='lat' dir='ltr'><strong>suos</strong></span> <span class='ocrx_word' id='word_1_23' title='bbox 2192 949 2461 1058; x_wconf 91' lang='lat' dir='ltr'><strong>ipsum</strong></span> <span class='ocrx_word' id='word_1_24' title='bbox 2484 948 2846 1029; x_wconf 77' lang='lat' dir='ltr'><strong>sinerent</strong></span> <span class='ocrx_word' id='word_1_25' title='bbox 2872 948 3264 1027; x_wconf 85' lang='lat' dir='ltr'><strong>transire:</strong></span> <span class='ocrx_word' id='word_1_26' title='bbox 3302 947 3527 1060; x_wconf 86' lang='lat' dir='ltr'><strong>quod</strong></span> <span class='ocrx_word' id='word_1_27' title='bbox 3560 966 3829 1030; x_wconf 81' lang='lat' dir='ltr'><strong>tamen</strong></span> 
     </span>
    </p>
   </div>
   <div class='ocr_carea' id='block_1_3' title="bbox 1026 1081 3616 1196">
    <p class='ocr_par' dir='ltr' id='par_1_3' title="bbox 1026 1081 3616 1196">
     <span class='ocr_line' id='line_1_4' title="bbox 1026 1081 3616 1196; baseline 0.001 -32"><span class='ocrx_word' id='word_1_28' title='bbox 1026 1114 1195 1165; x_wconf 90' lang='lat' dir='ltr'><strong>non</strong></span> <span class='ocrx_word' id='word_1_29' title='bbox 1242 1085 1415 1166; x_wconf 87' lang='lat' dir='ltr'><strong>sine</strong></span> <span class='ocrx_word' id='word_1_30' title='bbox 1456 1081 1930 1166; x_wconf 83' lang='lat' dir='ltr'><strong>difficultate</strong></span> <span class='ocrx_word' id='word_1_31' title='bbox 1971 1103 2051 1167; x_wconf 89' lang='lat' dir='ltr'><strong>et</strong></span> <span class='ocrx_word' id='word_1_32' title='bbox 2091 1084 2614 1167; x_wconf 79' lang='lat' dir='ltr'><strong>intollerabili</strong></span> <span class='ocrx_word' id='word_1_33' title='bbox 2657 1082 3016 1194; x_wconf 85' lang='lat' dir='ltr'><strong>dampno</strong></span> <span class='ocrx_word' id='word_1_34' title='bbox 3048 1101 3244 1164; x_wconf 91' lang='lat' dir='ltr'><strong>tunc</strong></span> <span class='ocrx_word' id='word_1_35' title='bbox 3285 1087 3616 1196; x_wconf 79' lang='lat' dir='ltr'><strong>peregit.</strong></span> 
     </span>
    </p>
   </div>
   <div class='ocr_carea' id='block_1_4' title="bbox 893 1295 3830 4585">
    <p class='ocr_par' dir='ltr' id='par_1_4' title="bbox 893 1295 3830 4138">
     <span class='ocr_line' id='line_1_5' title="bbox 1133 1295 3827 1409; baseline -0.001 -29"><span class='ocrx_word' id='word_1_36' title='bbox 1133 1295 1340 1394; x_wconf 79' lang='lat' dir='ltr'><strong>Nam</strong></span> <span class='ocrx_word' id='word_1_37' title='bbox 1385 1324 1532 1407; x_wconf 79' lang='lat' dir='ltr'><strong>per</strong></span> <span class='ocrx_word' id='word_1_38' title='bbox 1570 1296 1835 1384; x_wconf 80' lang='lat' dir='ltr'><strong>fauces</strong></span> <span class='ocrx_word' id='word_1_39' title='bbox 1879 1296 2551 1384; x_wconf 77' lang='lat' dir='ltr'><strong>intermediorum</strong></span> <span class='ocrx_word' id='word_1_40' title='bbox 2599 1297 3008 1382; x_wconf 83' lang='lat' dir='ltr'><strong>moncium</strong></span> <span class='ocrx_word' id='word_1_41' title='bbox 3031 1359 3052 1397; x_wconf 89' lang='lat'>,</span> <span class='ocrx_word' id='word_1_42' title='bbox 3097 1324 3451 1409; x_wconf 85' lang='lat' dir='ltr'><strong>quorum</strong></span> <span class='ocrx_word' id='word_1_43' title='bbox 3487 1296 3682 1407; x_wconf 82' lang='lat' dir='ltr'><strong>juga</strong></span> <span class='ocrx_word' id='word_1_44' title='bbox 3740 1316 3827 1376; x_wconf 85' lang='lat' dir='ltr'><strong>et</strong></span> 
     </span>
     <span class='ocr_line' id='line_1_6' title="bbox 1022 1429 3824 1544; baseline -0.001 -28"><span class='ocrx_word' id='word_1_45' title='bbox 1022 1436 1466 1516; x_wconf 77' lang='lat' dir='ltr'><strong>eminentes</strong></span> <span class='ocrx_word' id='word_1_46' title='bbox 1524 1429 1844 1544; x_wconf 85' lang='lat' dir='ltr'><strong>scopuli</strong></span> <span class='ocrx_word' id='word_1_47' title='bbox 1879 1435 2135 1516; x_wconf 81' lang='lat' dir='ltr'><strong>celum</strong></span> <span class='ocrx_word' id='word_1_48' title='bbox 2185 1433 2567 1516; x_wconf 88' lang='lat' dir='ltr'><strong>videntur</strong></span> <span class='ocrx_word' id='word_1_49' title='bbox 2608 1452 2935 1544; x_wconf 87' lang='lat' dir='ltr'><strong>tangere</strong></span> <span class='ocrx_word' id='word_1_50' title='bbox 2949 1497 2969 1535; x_wconf 93' lang='lat'>,</span> <span class='ocrx_word' id='word_1_51' title='bbox 3024 1432 3551 1516; x_wconf 74' lang='lat' dir='ltr'><strong>transducens</strong></span> <span class='ocrx_word' id='word_1_52' title='bbox 3596 1460 3824 1514; x_wconf 79' lang='lat' dir='ltr'><strong>exer-</strong></span> 
     </span>
     <span class='ocr_line' id='line_1_7' title="bbox 1022 1570 3829 1682; baseline -0 -30"><span class='ocrx_word' id='word_1_53' title='bbox 1022 1575 1297 1672; x_wconf 85' lang='lat' dir='ltr'><strong>citum,</strong></span> <span class='ocrx_word' id='word_1_54' title='bbox 1328 1599 1428 1654; x_wconf 85' lang='lat' dir='ltr'><strong>ex</strong></span> <span class='ocrx_word' id='word_1_55' title='bbox 1440 1571 1969 1653; x_wconf 83' lang='lat' dir='ltr'><strong>anfractuosis</strong></span> <span class='ocrx_word' id='word_1_56' title='bbox 1997 1600 2377 1656; x_wconf 85' lang='lat' dir='ltr'><strong>saxorum</strong></span> <span class='ocrx_word' id='word_1_57' title='bbox 2405 1573 2866 1682; x_wconf 79' lang='lat' dir='ltr'><strong>ingencium</strong></span> <span class='ocrx_word' id='word_1_58' title='bbox 2888 1590 2970 1654; x_wconf 91' lang='lat' dir='ltr'><strong>et</strong></span> <span class='ocrx_word' id='word_1_59' title='bbox 2998 1573 3236 1655; x_wconf 81' lang='lat' dir='ltr'><strong>inviis</strong></span> <span class='ocrx_word' id='word_1_60' title='bbox 3260 1570 3613 1653; x_wconf 82' lang='lat' dir='ltr'><strong>aditibus</strong></span> <span class='ocrx_word' id='word_1_61' title='bbox 3626 1571 3829 1682; x_wconf 87' lang='lat' dir='ltr'><strong>Alpe</strong></span> 
     </span>
     <span class='ocr_line' id='line_1_8' title="bbox 893 1709 3830 1823; baseline -0 -31"><span class='ocrx_word' id='word_1_62' title='bbox 893 1765 905 1776; x_wconf 88' lang='lat'><strong>·</strong></span> <span class='ocrx_word' id='word_1_63' title='bbox 1023 1729 1296 1821; x_wconf 84' lang='lat' dir='ltr'><strong>gentes</strong></span> <span class='ocrx_word' id='word_1_64' title='bbox 1339 1728 1849 1822; x_wconf 83' lang='lat' dir='ltr'><strong>erumpentes</strong></span> <span class='ocrx_word' id='word_1_65' title='bbox 1866 1772 1885 1808; x_wconf 91' lang='lat'>‚</span> <span class='ocrx_word' id='word_1_66' title='bbox 1937 1713 2025 1791; x_wconf 93' lang='lat' dir='ltr'><strong>in</strong></span> <span class='ocrx_word' id='word_1_67' title='bbox 2080 1739 2218 1791; x_wconf 89' lang='lat' dir='ltr'><strong>eos</strong></span> <span class='ocrx_word' id='word_1_68' title='bbox 2269 1711 2446 1823; x_wconf 84' lang='lat' dir='ltr'><strong>qui,</strong></span> <span class='ocrx_word' id='word_1_69' title='bbox 2507 1709 3024 1820; x_wconf 87' lang='lat' dir='ltr'><strong>precedentes</strong></span> <span class='ocrx_word' id='word_1_70' title='bbox 3081 1728 3221 1792; x_wconf 88' lang='lat' dir='ltr'><strong>aut</strong></span> <span class='ocrx_word' id='word_1_71' title='bbox 3258 1710 3830 1820; x_wconf 85' lang='lat' dir='ltr'><strong>subsequentes</strong></span> 
     </span>
     <span class='ocr_line' id='line_1_9' title="bbox 1021 1831 3827 1958; baseline 0 -30"><span class='ocrx_word' id='word_1_72' title='bbox 1021 1849 1337 1957; x_wconf 83' lang='lat' dir='ltr'><strong>agmina</strong></span> <span class='ocrx_word' id='word_1_73' title='bbox 1355 1911 1374 1947; x_wconf 87' lang='lat'>‚</span> <span class='ocrx_word' id='word_1_74' title='bbox 1404 1849 1823 1930; x_wconf 86' lang='lat' dir='ltr'><strong>thesauros</strong></span> <span class='ocrx_word' id='word_1_75' title='bbox 1860 1865 1940 1942; x_wconf 89' lang='lat' dir='ltr'><strong>et</strong></span> <span class='ocrx_word' id='word_1_76' title='bbox 1974 1848 2278 1928; x_wconf 87' lang='lat' dir='ltr'><strong>variam</strong></span> <span class='ocrx_word' id='word_1_77' title='bbox 2306 1846 2871 1958; x_wconf 88' lang='lat' dir='ltr'><strong>supellectilem</strong></span> <span class='ocrx_word' id='word_1_78' title='bbox 2912 1847 3473 1930; x_wconf 87' lang='lat' dir='ltr'><strong>conducebant</strong></span> <span class='ocrx_word' id='word_1_79' title='bbox 3496 1909 3516 1947; x_wconf 89' lang='lat'>‚</span> <span class='ocrx_word' id='word_1_80' title='bbox 3560 1831 3827 1957; x_wconf 85' lang='lat' dir='ltr'><strong>sepius</strong></span> 
     </span>
     <span class='ocr_line' id='line_1_10' title="bbox 1020 1984 3825 2100; baseline -0 -34"><span class='ocrx_word' id='word_1_81' title='bbox 1020 1988 1437 2067; x_wconf 88' lang='lat' dir='ltr'><strong>irruerunt</strong></span> <span class='ocrx_word' id='word_1_82' title='bbox 1460 2049 1482 2085; x_wconf 86' lang='lat'>‚</span> <span class='ocrx_word' id='word_1_83' title='bbox 1542 1986 1984 2068; x_wconf 87' lang='lat' dir='ltr'><strong>latrociniis</strong></span> <span class='ocrx_word' id='word_1_84' title='bbox 2049 1984 2363 2069; x_wconf 89' lang='lat' dir='ltr'><strong>assidue</strong></span> <span class='ocrx_word' id='word_1_85' title='bbox 2413 1987 2819 2088; x_wconf 79' lang='lat' dir='ltr'><strong>inhiantes</strong></span> <span class='ocrx_word' id='word_1_86' title='bbox 2847 2050 2867 2087; x_wconf 84' lang='lat'>‚</span> <span class='ocrx_word' id='word_1_87' title='bbox 2911 1986 3298 2100; x_wconf 81' lang='lat' dir='ltr'><strong>quamdiu</strong></span> <span class='ocrx_word' id='word_1_88' title='bbox 3350 2015 3494 2084; x_wconf 85' lang='lat' dir='ltr'><strong>rex</strong></span> <span class='ocrx_word' id='word_1_89' title='bbox 3548 1984 3825 2086; x_wconf 86' lang='lat' dir='ltr'><strong>Ludo-</strong></span> 
     </span>
     <span class='ocr_line' id='line_1_11' title="bbox 1019 2122 3829 2235; baseline 0 -30"><span class='ocrx_word' id='word_1_90' title='bbox 1019 2126 1239 2205; x_wconf 91' lang='lat' dir='ltr'><strong>vicus</strong></span> <span class='ocrx_word' id='word_1_91' title='bbox 1262 2126 1525 2220; x_wconf 89' lang='lat' dir='ltr'><strong>tenuit</strong></span> <span class='ocrx_word' id='word_1_92' title='bbox 1543 2126 1750 2205; x_wconf 88' lang='lat' dir='ltr'><strong>viam</strong></span> <span class='ocrx_word' id='word_1_93' title='bbox 1782 2122 2285 2228; x_wconf 80' lang='lat' dir='ltr'><strong>illam.Quod</strong></span> <span class='ocrx_word' id='word_1_94' title='bbox 2303 2141 2571 2226; x_wconf 86' lang='lat' dir='ltr'><strong>autem</strong></span> <span class='ocrx_word' id='word_1_95' title='bbox 2600 2154 2700 2207; x_wconf 81' lang='lat' dir='ltr'><strong>ex</strong></span> <span class='ocrx_word' id='word_1_96' title='bbox 2722 2125 3065 2208; x_wconf 91' lang='lat' dir='ltr'><strong>infinitis</strong></span> <span class='ocrx_word' id='word_1_97' title='bbox 3091 2126 3497 2235; x_wconf 88' lang='lat' dir='ltr'><strong>peccuniis</strong></span> <span class='ocrx_word' id='word_1_98' title='bbox 3519 2124 3829 2211; x_wconf 83' lang='lat' dir='ltr'><strong>viribus</strong></span> 
     </span>
     <span class='ocr_line' id='line_1_12' title="bbox 1018 2260 3827 2372; baseline -0.001 -29"><span class='ocrx_word' id='word_1_99' title='bbox 1018 2260 1140 2343; x_wconf 88' lang='lat' dir='ltr'><strong>vel</strong></span> <span class='ocrx_word' id='word_1_100' title='bbox 1174 2260 1577 2349; x_wconf 88' lang='lat' dir='ltr'><strong>industria</strong></span> <span class='ocrx_word' id='word_1_101' title='bbox 1607 2290 1888 2348; x_wconf 88' lang='lat' dir='ltr'><strong>manus</strong></span> <span class='ocrx_word' id='word_1_102' title='bbox 1913 2291 2194 2344; x_wconf 91' lang='lat' dir='ltr'><strong>eorum</strong></span> <span class='ocrx_word' id='word_1_103' title='bbox 2221 2264 2509 2358; x_wconf 85' lang='lat' dir='ltr'><strong>evasit,</strong></span> <span class='ocrx_word' id='word_1_104' title='bbox 2543 2291 2728 2346; x_wconf 88' lang='lat' dir='ltr'><strong>cum</strong></span> <span class='ocrx_word' id='word_1_105' title='bbox 2751 2261 2856 2366; x_wconf 78' lang='lat' dir='ltr'><strong>ad</strong></span> <span class='ocrx_word' id='word_1_106' title='bbox 2872 2264 3172 2366; x_wconf 29' lang='lat' dir='ltr'><strong>„Barum</strong></span> <span class='ocrx_word' id='word_1_107' title='bbox 3190 2265 3364 2360; x_wconf 80' lang='lat' dir='ltr'><strong>sine</strong></span> <span class='ocrx_word' id='word_1_108' title='bbox 3392 2263 3626 2344; x_wconf 89' lang='lat' dir='ltr'><strong>obice</strong></span> <span class='ocrx_word' id='word_1_109' title='bbox 3648 2290 3827 2372; x_wconf 90' lang='lat' dir='ltr'><strong>per-</strong></span> 
     </span>
     <span class='ocr_line' id='line_1_13' title="bbox 1023 2398 3824 2512; baseline -0.001 -30"><span class='ocrx_word' id='word_1_110' title='bbox 1023 2402 1413 2501; x_wconf 82' lang='lat' dir='ltr'><strong>venisset,</strong></span> <span class='ocrx_word' id='word_1_111' title='bbox 1473 2398 1936 2486; x_wconf 83' lang='lat' dir='ltr'><strong>victualium</strong></span> <span class='ocrx_word' id='word_1_112' title='bbox 1996 2400 2315 2484; x_wconf 84' lang='lat' dir='ltr'><strong>caristia</strong></span> <span class='ocrx_word' id='word_1_113' title='bbox 2374 2429 2474 2486; x_wconf 81' lang='lat' dir='ltr'><strong>ex</strong></span> <span class='ocrx_word' id='word_1_114' title='bbox 2540 2401 2754 2510; x_wconf 87' lang='lat' dir='ltr'><strong>agris</strong></span> <span class='ocrx_word' id='word_1_115' title='bbox 2816 2401 3138 2484; x_wconf 84' lang='lat' dir='ltr'><strong>incultis</strong></span> <span class='ocrx_word' id='word_1_116' title='bbox 3199 2399 3647 2512; x_wconf 78' lang='lat' dir='ltr'><strong>procedens</strong></span> <span class='ocrx_word' id='word_1_117' title='bbox 3708 2403 3824 2481; x_wconf 87' lang='lat' dir='ltr'><strong>sic</strong></span> 
     </span>
     <span class='ocr_line' id='line_1_14' title="bbox 1024 2535 3822 2649; baseline -0 -30"><span class='ocrx_word' id='word_1_118' title='bbox 1024 2539 1543 2647; x_wconf 83' lang='lat' dir='ltr'><strong>consumpsit,</strong></span> <span class='ocrx_word' id='word_1_119' title='bbox 1575 2556 1668 2620; x_wconf 81' lang='lat' dir='ltr'><strong>ut</strong></span> <span class='ocrx_word' id='word_1_120' title='bbox 1695 2567 1867 2619; x_wconf 91' lang='lat' dir='ltr'><strong>non</strong></span> <span class='ocrx_word' id='word_1_121' title='bbox 1895 2540 2068 2619; x_wconf 89' lang='lat' dir='ltr'><strong>sine</strong></span> <span class='ocrx_word' id='word_1_122' title='bbox 2096 2538 2538 2620; x_wconf 86' lang='lat' dir='ltr'><strong>intrinseco</strong></span> <span class='ocrx_word' id='word_1_123' title='bbox 2562 2536 2845 2621; x_wconf 83' lang='lat' dir='ltr'><strong>dolore</strong></span> <span class='ocrx_word' id='word_1_124' title='bbox 2869 2567 3255 2620; x_wconf 84' lang='lat' dir='ltr'><strong>eoronam</strong></span> <span class='ocrx_word' id='word_1_125' title='bbox 3284 2535 3737 2649; x_wconf 88' lang='lat' dir='ltr'><strong>nupcialem</strong></span> <span class='ocrx_word' id='word_1_126' title='bbox 3764 2540 3822 2633; x_wconf 83' lang='lat'><strong>¹,</strong></span> 
     </span>
     <span class='ocr_line' id='line_1_15' title="bbox 1018 2674 3825 2788; baseline -0.001 -32"><span class='ocrx_word' id='word_1_127' title='bbox 1018 2705 1178 2788; x_wconf 86' lang='lat' dir='ltr'><strong>qua</strong></span> <span class='ocrx_word' id='word_1_128' title='bbox 1240 2676 1616 2758; x_wconf 85' lang='lat' dir='ltr'><strong>coronari</strong></span> <span class='ocrx_word' id='word_1_129' title='bbox 1679 2674 2141 2759; x_wconf 81' lang='lat' dir='ltr'><strong>decreverat</strong></span> <span class='ocrx_word' id='word_1_130' title='bbox 2169 2739 2190 2777; x_wconf 89' lang='lat'>,</span> <span class='ocrx_word' id='word_1_131' title='bbox 2248 2674 2594 2758; x_wconf 87' lang='lat' dir='ltr'><strong>vendere</strong></span> <span class='ocrx_word' id='word_1_132' title='bbox 2658 2695 2980 2759; x_wconf 90' lang='lat' dir='ltr'><strong>coactus</strong></span> <span class='ocrx_word' id='word_1_133' title='bbox 3040 2676 3243 2777; x_wconf 83' lang='lat' dir='ltr'><strong>fuit;</strong></span> <span class='ocrx_word' id='word_1_134' title='bbox 3299 2694 3379 2757; x_wconf 90' lang='lat' dir='ltr'><strong>et</strong></span> <span class='ocrx_word' id='word_1_135' title='bbox 3426 2704 3580 2787; x_wconf 88' lang='lat' dir='ltr'><strong>pro</strong></span> <span class='ocrx_word' id='word_1_136' title='bbox 3621 2678 3825 2757; x_wconf 83' lang='lat' dir='ltr'><strong>vasis</strong></span> 
     </span>
     <span class='ocr_line' id='line_1_16' title="bbox 1021 2813 3818 2927; baseline 0 -33"><span class='ocrx_word' id='word_1_137' title='bbox 1021 2816 1262 2925; x_wconf 86' lang='lat' dir='ltr'><strong>regiis</strong></span> <span class='ocrx_word' id='word_1_138' title='bbox 1315 2814 1487 2896; x_wconf 91' lang='lat' dir='ltr'><strong>solo</strong></span> <span class='ocrx_word' id='word_1_139' title='bbox 1542 2814 1808 2926; x_wconf 88' lang='lat' dir='ltr'><strong>cypho</strong></span> <span class='ocrx_word' id='word_1_140' title='bbox 1859 2834 2237 2925; x_wconf 87' lang='lat' dir='ltr'><strong>argenteo</strong></span> <span class='ocrx_word' id='word_1_141' title='bbox 2256 2878 2278 2914; x_wconf 86' lang='lat'>‚</span> <span class='ocrx_word' id='word_1_142' title='bbox 2329 2834 2413 2896; x_wconf 88' lang='lat' dir='ltr'><strong>et</strong></span> <span class='ocrx_word' id='word_1_143' title='bbox 2457 2844 2611 2927; x_wconf 91' lang='lat' dir='ltr'><strong>pro</strong></span> <span class='ocrx_word' id='word_1_144' title='bbox 2659 2814 3017 2897; x_wconf 88' lang='lat' dir='ltr'><strong>delicatis</strong></span> <span class='ocrx_word' id='word_1_145' title='bbox 3056 2813 3401 2924; x_wconf 89' lang='lat' dir='ltr'><strong>dapibus</strong></span> <span class='ocrx_word' id='word_1_146' title='bbox 3449 2816 3778 2897; x_wconf 90' lang='lat' dir='ltr'><strong>assuetis</strong></span> <span class='ocrx_word' id='word_1_147' title='bbox 3799 2878 3818 2911; x_wconf 89' lang='lat'>,</span> 
     </span>
     <span class='ocr_line' id='line_1_17' title="bbox 1020 2951 3822 3066; baseline -0.001 -31"><span class='ocrx_word' id='word_1_148' title='bbox 1020 2956 1270 3036; x_wconf 88' lang='lat' dir='ltr'><strong>eciam</strong></span> <span class='ocrx_word' id='word_1_149' title='bbox 1302 2953 1524 3037; x_wconf 83' lang='lat' dir='ltr'><strong>festis</strong></span> <span class='ocrx_word' id='word_1_150' title='bbox 1569 2951 1852 3036; x_wconf 87' lang='lat' dir='ltr'><strong>diebus</strong></span> <span class='ocrx_word' id='word_1_151' title='bbox 1871 3016 1892 3055; x_wconf 90' lang='lat'>,</span> <span class='ocrx_word' id='word_1_152' title='bbox 1935 2981 2144 3066; x_wconf 91' lang='lat' dir='ltr'><strong>pane</strong></span> <span class='ocrx_word' id='word_1_153' title='bbox 2197 2952 2586 3038; x_wconf 86' lang='lat' dir='ltr'><strong>ordeaceo</strong></span> <span class='ocrx_word' id='word_1_154' title='bbox 2627 2984 2794 3038; x_wconf 90' lang='lat' dir='ltr'><strong>nou</strong></span> <span class='ocrx_word' id='word_1_155' title='bbox 2836 2956 3010 3056; x_wconf 84' lang='lat' dir='ltr'><strong>sine</strong></span> <span class='ocrx_word' id='word_1_156' title='bbox 3042 2952 3514 3037; x_wconf 83' lang='lat' dir='ltr'><strong>difficultate</strong></span> <span class='ocrx_word' id='word_1_157' title='bbox 3547 2956 3822 3066; x_wconf 85' lang='lat' dir='ltr'><strong>exqui-</strong></span> 
     </span>
     <span class='ocr_line' id='line_1_18' title="bbox 1016 3089 3828 3203; baseline -0 -31"><span class='ocrx_word' id='word_1_158' title='bbox 1016 3095 1199 3191; x_wconf 90' lang='lat' dir='ltr'><strong>sit0,</strong></span> <span class='ocrx_word' id='word_1_159' title='bbox 1243 3094 1668 3203; x_wconf 86' lang='lat' dir='ltr'><strong>opportuit</strong></span> <span class='ocrx_word' id='word_1_160' title='bbox 1708 3095 2184 3174; x_wconf 89' lang='lat' dir='ltr'><strong>contentari.</strong></span> <span class='ocrx_word' id='word_1_161' title='bbox 2216 3092 2420 3174; x_wconf 87' lang='lat' dir='ltr'><strong>Cum</strong></span> <span class='ocrx_word' id='word_1_162' title='bbox 2448 3093 3057 3201; x_wconf 89' lang='lat' dir='ltr'><strong>pabulatoribus</strong></span> <span class='ocrx_word' id='word_1_163' title='bbox 3077 3090 3384 3173; x_wconf 89' lang='lat' dir='ltr'><strong>deesset</strong></span> <span class='ocrx_word' id='word_1_164' title='bbox 3407 3089 3628 3203; x_wconf 90' lang='lat' dir='ltr'><strong>quod</strong></span> <span class='ocrx_word' id='word_1_165' title='bbox 3644 3119 3828 3202; x_wconf 90' lang='lat' dir='ltr'><strong>pos-</strong></span> 
     </span>
     <span class='ocr_line' id='line_1_19' title="bbox 1016 3227 3825 3343; baseline 0 -33"><span class='ocrx_word' id='word_1_166' title='bbox 1016 3248 1196 3310; x_wconf 88' lang='lat' dir='ltr'><strong>sent</strong></span> <span class='ocrx_word' id='word_1_167' title='bbox 1242 3232 1522 3311; x_wconf 90' lang='lat' dir='ltr'><strong>castris</strong></span> <span class='ocrx_word' id='word_1_168' title='bbox 1563 3229 1861 3313; x_wconf 84' lang='lat' dir='ltr'><strong>inferre</strong></span> <span class='ocrx_word' id='word_1_169' title='bbox 1889 3293 1907 3329; x_wconf 91' lang='lat'><strong>,</strong></span> <span class='ocrx_word' id='word_1_170' title='bbox 1958 3232 2321 3341; x_wconf 85' lang='lat' dir='ltr'><strong>jumenta</strong></span> <span class='ocrx_word' id='word_1_171' title='bbox 2369 3234 2704 3312; x_wconf 89' lang='lat' dir='ltr'><strong>sarcinis</strong></span> <span class='ocrx_word' id='word_1_172' title='bbox 2745 3230 3120 3341; x_wconf 86' lang='lat' dir='ltr'><strong>deputata</strong></span> <span class='ocrx_word' id='word_1_173' title='bbox 3173 3250 3255 3312; x_wconf 90' lang='lat' dir='ltr'><strong>et</strong></span> <span class='ocrx_word' id='word_1_174' title='bbox 3293 3231 3446 3311; x_wconf 90' lang='lat' dir='ltr'><strong>alia</strong></span> <span class='ocrx_word' id='word_1_175' title='bbox 3480 3227 3825 3343; x_wconf 88' lang='lat' dir='ltr'><strong>quedam</strong></span> 
     </span>
     <span class='ocr_line' id='line_1_20' title="bbox 1017 3367 3825 3479; baseline 0 -32"><span class='ocrx_word' id='word_1_176' title='bbox 1017 3369 1558 3449; x_wconf 86' lang='lat' dir='ltr'><strong>animaneium</strong></span> <span class='ocrx_word' id='word_1_177' title='bbox 1588 3395 1881 3476; x_wconf 89' lang='lat' dir='ltr'><strong>genera</strong></span> <span class='ocrx_word' id='word_1_178' title='bbox 1903 3429 1923 3465; x_wconf 89' lang='lat'>,</span> <span class='ocrx_word' id='word_1_179' title='bbox 1968 3367 2333 3448; x_wconf 83' lang='lat' dir='ltr'><strong>arefactis</strong></span> <span class='ocrx_word' id='word_1_180' title='bbox 2370 3369 2898 3451; x_wconf 89' lang='lat' dir='ltr'><strong>interioribus</strong></span> <span class='ocrx_word' id='word_1_181' title='bbox 2921 3432 2942 3470; x_wconf 89' lang='lat'>,</span> <span class='ocrx_word' id='word_1_182' title='bbox 2980 3398 3123 3451; x_wconf 89' lang='lat' dir='ltr'><strong>sua</strong></span> <span class='ocrx_word' id='word_1_183' title='bbox 3157 3368 3567 3479; x_wconf 86' lang='lat' dir='ltr'><strong>negabant</strong></span> <span class='ocrx_word' id='word_1_184' title='bbox 3594 3368 3825 3448; x_wconf 88' lang='lat' dir='ltr'><strong>obse-</strong></span> 
     </span>
     <span class='ocr_line' id='line_1_21' title="bbox 1013 3482 3824 3621; baseline -0.001 -36"><span class='ocrx_word' id='word_1_185' title='bbox 1013 3506 1245 3617; x_wconf 91' lang='lat' dir='ltr'><strong>quia;</strong></span> <span class='ocrx_word' id='word_1_186' title='bbox 1280 3482 1661 3619; x_wconf 70' lang='lat' dir='ltr'><strong>quodque</strong></span> <span class='ocrx_word' id='word_1_187' title='bbox 1691 3504 1852 3587; x_wconf 88' lang='lat' dir='ltr'><strong>hiis</strong></span> <span class='ocrx_word' id='word_1_188' title='bbox 1884 3505 2261 3589; x_wconf 84' lang='lat' dir='ltr'><strong>omnibus</strong></span> <span class='ocrx_word' id='word_1_189' title='bbox 2285 3506 2809 3617; x_wconf 86' lang='lat' dir='ltr'><strong>periculosius</strong></span> <span class='ocrx_word' id='word_1_190' title='bbox 2834 3526 3007 3589; x_wconf 87' lang='lat' dir='ltr'><strong>erat</strong></span> <span class='ocrx_word' id='word_1_191' title='bbox 3026 3571 3047 3609; x_wconf 89' lang='lat'>,</span> <span class='ocrx_word' id='word_1_192' title='bbox 3079 3508 3267 3621; x_wconf 89' lang='lat' dir='ltr'><strong>equi</strong></span> <span class='ocrx_word' id='word_1_193' title='bbox 3287 3569 3306 3606; x_wconf 94' lang='lat'>,</span> <span class='ocrx_word' id='word_1_194' title='bbox 3342 3504 3612 3589; x_wconf 87' lang='lat' dir='ltr'><strong>fideles</strong></span> <span class='ocrx_word' id='word_1_195' title='bbox 3645 3531 3824 3614; x_wconf 85' lang='lat' dir='ltr'><strong>pre-</strong></span> 
     </span>
     <span class='ocr_line' id='line_1_22' title="bbox 1012 3641 3821 3756; baseline -0.001 -35"><span class='ocrx_word' id='word_1_196' title='bbox 1012 3644 1394 3725; x_wconf 84' lang='lat' dir='ltr'><strong>liancium</strong></span> <span class='ocrx_word' id='word_1_197' title='bbox 1415 3659 1829 3725; x_wconf 86' lang='lat' dir='ltr'><strong>consortes</strong></span> <span class='ocrx_word' id='word_1_198' title='bbox 1845 3703 1866 3741; x_wconf 88' lang='lat'>,</span> <span class='ocrx_word' id='word_1_199' title='bbox 1897 3644 2093 3723; x_wconf 89' lang='lat' dir='ltr'><strong>etin</strong></span> <span class='ocrx_word' id='word_1_200' title='bbox 2120 3643 2418 3755; x_wconf 88' lang='lat' dir='ltr'><strong>quibus</strong></span> <span class='ocrx_word' id='word_1_201' title='bbox 2444 3642 2545 3725; x_wconf 89' lang='lat' dir='ltr'><strong>de</strong></span> <span class='ocrx_word' id='word_1_202' title='bbox 2566 3647 2899 3756; x_wconf 85' lang='lat' dir='ltr'><strong>propria</strong></span> <span class='ocrx_word' id='word_1_203' title='bbox 2927 3645 3179 3727; x_wconf 88' lang='lat' dir='ltr'><strong>salute</strong></span> <span class='ocrx_word' id='word_1_204' title='bbox 3199 3642 3549 3726; x_wconf 88' lang='lat' dir='ltr'><strong>dominis</strong></span> <span class='ocrx_word' id='word_1_205' title='bbox 3571 3641 3821 3721; x_wconf 89' lang='lat' dir='ltr'><strong>multa</strong></span> 
     </span>
     <span class='ocr_line' id='line_1_23' title="bbox 1014 3778 3818 3894; baseline -0.001 -34"><span class='ocrx_word' id='word_1_206' title='bbox 1014 3797 1187 3860; x_wconf 87' lang='lat' dir='ltr'><strong>erat</strong></span> <span class='ocrx_word' id='word_1_207' title='bbox 1227 3778 1522 3861; x_wconf 89' lang='lat' dir='ltr'><strong>fiducia</strong></span> <span class='ocrx_word' id='word_1_208' title='bbox 1540 3842 1561 3880; x_wconf 88' lang='lat'><strong>,</strong></span> <span class='ocrx_word' id='word_1_209' title='bbox 1616 3781 1917 3893; x_wconf 85' lang='lat' dir='ltr'><strong>quique</strong></span> <span class='ocrx_word' id='word_1_210' title='bbox 1956 3797 2038 3860; x_wconf 91' lang='lat' dir='ltr'><strong>et</strong></span> <span class='ocrx_word' id='word_1_211' title='bbox 2089 3780 2302 3865; x_wconf 84' lang='lat' dir='ltr'><strong>calce</strong></span> <span class='ocrx_word' id='word_1_212' title='bbox 2346 3792 2426 3862; x_wconf 88' lang='lat' dir='ltr'><strong>et</strong></span> <span class='ocrx_word' id='word_1_213' title='bbox 2476 3780 2857 3864; x_wconf 87' lang='lat' dir='ltr'><strong>dentibus</strong></span> <span class='ocrx_word' id='word_1_214' title='bbox 2902 3811 3127 3865; x_wconf 89' lang='lat' dir='ltr'><strong>suam</strong></span> <span class='ocrx_word' id='word_1_215' title='bbox 3164 3782 3389 3894; x_wconf 85' lang='lat' dir='ltr'><strong>prius</strong></span> <span class='ocrx_word' id='word_1_216' title='bbox 3422 3794 3818 3891; x_wconf 86' lang='lat' dir='ltr'><strong>protesta-</strong></span> 
     </span>
     <span class='ocr_line' id='line_1_24' title="bbox 1014 3902 3816 4034; baseline -0.002 -34"><span class='ocrx_word' id='word_1_217' title='bbox 1014 3918 1313 4001; x_wconf 89' lang='lat' dir='ltr'><strong>bantur</strong></span> <span class='ocrx_word' id='word_1_218' title='bbox 1349 3902 1814 4031; x_wconf 72' lang='lat' dir='ltr'><strong>superbiam</strong></span> <span class='ocrx_word' id='word_1_219' title='bbox 1834 3981 1855 4019; x_wconf 89' lang='lat'>,</span> <span class='ocrx_word' id='word_1_220' title='bbox 1904 3916 2370 4000; x_wconf 83' lang='lat' dir='ltr'><strong>necessitate</strong></span> <span class='ocrx_word' id='word_1_221' title='bbox 2408 3938 2747 4030; x_wconf 86' lang='lat' dir='ltr'><strong>urgente</strong></span> <span class='ocrx_word' id='word_1_222' title='bbox 2767 3983 2786 4019; x_wconf 90' lang='lat'>‚</span> <span class='ocrx_word' id='word_1_223' title='bbox 2837 3921 3066 4034; x_wconf 90' lang='lat' dir='ltr'><strong>quasi</strong></span> <span class='ocrx_word' id='word_1_224' title='bbox 3104 3918 3289 4001; x_wconf 83' lang='lat' dir='ltr'><strong>vilia</strong></span> <span class='ocrx_word' id='word_1_225' title='bbox 3329 3916 3777 4029; x_wconf 85' lang='lat' dir='ltr'><strong>subjugalia</strong></span> <span class='ocrx_word' id='word_1_226' title='bbox 3798 3978 3816 4011; x_wconf 89' lang='lat'>‚</span> 
     </span>
     <span class='ocr_line' id='line_1_25' title="bbox 1013 4056 1518 4138; baseline 0 0"><span class='ocrx_word' id='word_1_227' title='bbox 1013 4056 1518 4138; x_wconf 81' lang='lat' dir='ltr'><strong>deficiebant.</strong></span> 
     </span>
    </p>

    <p class='ocr_par' dir='ltr' id='par_1_5' title="bbox 1011 4192 3822 4585">
     <span class='ocr_line' id='line_1_26' title="bbox 1126 4192 3822 4313; baseline -0.001 -39"><span class='ocrx_word' id='word_1_228' title='bbox 1126 4195 1471 4307; x_wconf 80' lang='lat' dir='ltr'><strong>Tantam</strong></span> <span class='ocrx_word' id='word_1_229' title='bbox 1509 4195 1744 4277; x_wconf 83' lang='lat' dir='ltr'><strong>famis</strong></span> <span class='ocrx_word' id='word_1_230' title='bbox 1786 4192 2138 4299; x_wconf 84' lang='lat' dir='ltr'><strong>inediam</strong></span> <span class='ocrx_word' id='word_1_231' title='bbox 2183 4196 2615 4313; x_wconf 80' lang='lat' dir='ltr'><strong>subsequta</strong></span> <span class='ocrx_word' id='word_1_232' title='bbox 2648 4215 2768 4279; x_wconf 86' lang='lat' dir='ltr'><strong>est</strong></span> <span class='ocrx_word' id='word_1_233' title='bbox 2814 4224 3031 4279; x_wconf 91' lang='lat' dir='ltr'><strong>anno</strong></span> <span class='ocrx_word' id='word_1_234' title='bbox 3081 4198 3236 4279; x_wconf 88' lang='lat' dir='ltr'><strong>isto</strong></span> <span class='ocrx_word' id='word_1_235' title='bbox 3285 4193 3545 4289; x_wconf 80' lang='lat' dir='ltr'><strong>clades</strong></span> <span class='ocrx_word' id='word_1_236' title='bbox 3574 4194 3822 4304; x_wconf 83' lang='lat' dir='ltr'><strong>pesti-</strong></span> 
     </span>
     <span class='ocr_line' id='line_1_27' title="bbox 1011 4332 3814 4449; baseline -0.001 -34"><span class='ocrx_word' id='word_1_237' title='bbox 1011 4333 1218 4433; x_wconf 84' lang='lat' dir='ltr'><strong>fera,</strong></span> <span class='ocrx_word' id='word_1_238' title='bbox 1261 4361 1418 4449; x_wconf 84' lang='lat' dir='ltr'><strong>que</strong></span> <span class='ocrx_word' id='word_1_239' title='bbox 1457 4360 1638 4415; x_wconf 85' lang='lat' dir='ltr'><strong>cum</strong></span> <span class='ocrx_word' id='word_1_240' title='bbox 1681 4333 1968 4415; x_wconf 88' lang='lat' dir='ltr'><strong>illustri</strong></span> <span class='ocrx_word' id='word_1_241' title='bbox 2003 4333 2296 4435; x_wconf 80' lang='lat' dir='ltr'><strong>comite</strong></span> <span class='ocrx_word' id='word_1_242' title='bbox 2332 4332 2729 4437; x_wconf 78' lang='lat' dir='ltr'><strong>Sabaudie</strong></span> <span class='ocrx_word' id='word_1_243' title='bbox 2762 4336 2824 4435; x_wconf 80' lang='lat'><strong>²,</strong></span> <span class='ocrx_word' id='word_1_244' title='bbox 2871 4333 3377 4417; x_wconf 85' lang='lat' dir='ltr'><strong>nobilissimo</strong></span> <span class='ocrx_word' id='word_1_245' title='bbox 3406 4332 3773 4429; x_wconf 77' lang='lat' dir='ltr'><strong>omnium</strong></span> <span class='ocrx_word' id='word_1_246' title='bbox 3795 4392 3814 4427; x_wconf 90' lang='lat'>,</span> 
     </span>
     <span class='ocr_line' id='line_1_28' title="bbox 1011 4469 3819 4585; baseline -0.004 -28"><span class='ocrx_word' id='word_1_247' title='bbox 1011 4501 1385 4584; x_wconf 85' lang='lat' dir='ltr'><strong>magnam</strong></span> <span class='ocrx_word' id='word_1_248' title='bbox 1424 4490 1737 4584; x_wconf 85' lang='lat' dir='ltr'><strong>partem</strong></span> <span class='ocrx_word' id='word_1_249' title='bbox 1774 4472 2223 4585; x_wconf 89' lang='lat' dir='ltr'><strong>absumpsit</strong></span> <span class='ocrx_word' id='word_1_250' title='bbox 2261 4474 2658 4567; x_wconf 79' lang='lat' dir='ltr'><strong>exercitus</strong></span> <span class='ocrx_word' id='word_1_251' title='bbox 2682 4535 2702 4571; x_wconf 87' lang='lat'>,</span> <span class='ocrx_word' id='word_1_252' title='bbox 2746 4504 2926 4557; x_wconf 80' lang='lat' dir='ltr'><strong>eum</strong></span> <span class='ocrx_word' id='word_1_253' title='bbox 2955 4476 3092 4563; x_wconf 74' lang='lat' dir='ltr'><strong>vix</strong></span> <span class='ocrx_word' id='word_1_254' title='bbox 3130 4471 3396 4585; x_wconf 88' lang='lat' dir='ltr'><strong>aliqua</strong></span> <span class='ocrx_word' id='word_1_255' title='bbox 3435 4469 3605 4551; x_wconf 88' lang='lat' dir='ltr'><strong>dies</strong></span> <span class='ocrx_word' id='word_1_256' title='bbox 3640 4496 3819 4577; x_wconf 83' lang='lat' dir='ltr'><strong>pre-</strong></span> 
     </span>
    </p>
   </div>
   <div class='ocr_carea' id='block_1_5' title="bbox 1085 4774 3814 4947">
    <p class='ocr_par' dir='ltr' id='par_1_6' title="bbox 1085 4774 3814 4947">
     <span class='ocr_line' id='line_1_29' title="bbox 1092 4774 3814 4859; baseline -0.003 -23"><span class='ocrx_word' id='word_1_257' title='bbox 1092 4793 1104 4815; x_wconf 84' lang='lat'><strong>·</strong></span> <span class='ocrx_word' id='word_1_258' title='bbox 1137 4781 1281 4837; x_wconf 82' lang='lat' dir='ltr'><strong>Var.</strong></span> <span class='ocrx_word' id='word_1_259' title='bbox 1300 4802 1314 4830; x_wconf 87' lang='lat'><strong>.·</strong></span> <span class='ocrx_word' id='word_1_260' title='bbox 1347 4790 1411 4841; x_wconf 75' lang='lat'><strong>11⁰</strong></span> <span class='ocrx_word' id='word_1_261' title='bbox 1431 4779 1593 4859; x_wconf 85' lang='lat'><strong>5960,</strong></span> <span class='ocrx_word' id='word_1_262' title='bbox 1607 4779 1798 4849; x_wconf 86' lang='lat' dir='ltr'><strong>fol.60</strong></span> <span class='ocrx_word' id='word_1_263' title='bbox 1817 4801 1889 4853; x_wconf 88' lang='lat' dir='ltr'><strong>r.,</strong></span> <span class='ocrx_word' id='word_1_264' title='bbox 1915 4781 2371 4855; x_wconf 71' lang='lat' dir='ltr'><strong>impreciabilem.</strong></span> <span class='ocrx_word' id='word_1_265' title='bbox 2446 4780 2526 4845; x_wconf 74' lang='lat' dir='ltr'><strong>les</strong></span> <span class='ocrx_word' id='word_1_266' title='bbox 2570 4798 2717 4844; x_wconf 83' lang='lat' dir='ltr'><strong>mots</strong></span> <span class='ocrx_word' id='word_1_267' title='bbox 2769 4790 2994 4845; x_wconf 75' lang='lat' dir='ltr'><strong>emer-ito</strong></span> <span class='ocrx_word' id='word_1_268' title='bbox 3043 4786 3244 4853; x_wconf 64' lang='lat' dir='ltr'><strong>nuilite,</strong></span> <span class='ocrx_word' id='word_1_269' title='bbox 3289 4781 3449 4856; x_wconf 77' lang='lat' dir='ltr'><strong>apres</strong></span> <span class='ocrx_word' id='word_1_270' title='bbox 3484 4779 3679 4834; x_wconf 77' lang='lat' dir='ltr'><strong>comite</strong></span> <span class='ocrx_word' id='word_1_271' title='bbox 3707 4774 3814 4829; x_wconf 84' lang='lat' dir='ltr'><strong>Sa-</strong></span> 
     </span>
     <span class='ocr_line' id='line_1_30' title="bbox 1085 4864 2674 4947; baseline -0.002 -25"><span class='ocrx_word' id='word_1_272' title='bbox 1085 4875 1103 4897; x_wconf 87' lang='lat'>&#39;</span> <span class='ocrx_word' id='word_1_273' title='bbox 1144 4864 1241 4923; x_wconf 81' lang='lat' dir='ltr'><strong>On</strong></span> <span class='ocrx_word' id='word_1_274' title='bbox 1279 4876 1475 4929; x_wconf 77' lang='lat' dir='ltr'><strong>trouve</strong></span> <span class='ocrx_word' id='word_1_275' title='bbox 1500 4865 1642 4927; x_wconf 63' lang='lat' dir='ltr'><strong>dan!</strong></span> <span class='ocrx_word' id='word_1_276' title='bbox 1677 4864 1731 4925; x_wconf 66' lang='lat' dir='ltr'><strong>la</strong></span> <span class='ocrx_word' id='word_1_277' title='bbox 1755 4886 1818 4927; x_wconf 68' lang='grc' dir='ltr'>ω</span> <span class='ocrx_word' id='word_1_278' title='bbox 1857 4864 2028 4947; x_wconf 78' lang='lat'><strong>5960,</strong></span> <span class='ocrx_word' id='word_1_279' title='bbox 2058 4864 2176 4925; x_wconf 75' lang='lat' dir='ltr'><strong>fol..</strong></span> <span class='ocrx_word' id='word_1_280' title='bbox 2204 4865 2279 4945; x_wconf 85' lang='lat'><strong>69</strong></span> <span class='ocrx_word' id='word_1_281' title='bbox 2303 4886 2372 4936; x_wconf 84' lang='lat' dir='ltr'><strong>r.,</strong></span> <span class='ocrx_word' id='word_1_282' title='bbox 2449 4873 2674 4935; x_wconf 54' lang='lat' dir='ltr'><strong>hawise,</strong></span> 
     </span>
    </p>
   </div>
  </div>
 </body>
</html>
